2828 4896
249 473 341 540 xxiv
607 471 720 538 NOVI
741 471 953 540 EDlTORIS

249 589 445 691 rpraefntio
463 615 483 663 a
503 591 667 678 librario,
694 617 775 690 quae
795 593 947 691 exponit
965 590 1010 662 de
1027 592 1223 681 Cicerone,
1241 593 1322 664 elo-

126 805 128 814 *
249 745 266 782 ι
283 716 440 814 quentiae
454 739 611 786 romane
627 717 808 814 principe,
825 713 871 788 de
886 715 1017 802 Attico,
1033 713 1078 786 ed
1094 739 1205 812 quem
1218 716 1322 788 hunc

248 837 415 911 «librum
445 839 517 910 Cic.
543 839 698 927 miserit,
722 853 760 910 et
787 837 833 910 ‹le
863 838 1099 936 inscriptione
1130 837 1241 910 libri:
1272 839 1321 910 de

246 993 264 1030 e
282 967 492 1050 Senectute,
507 987 573 1036 eeu
594 967 683 1038 Cato
702 963 828 1058 major.
844 961 1038 1034 Concludit
1052 963 1124 1032 ita:
1145 967 1204 1033 De
1217 961 1321 1054 titulo

246 1095 366 1162 «satis
379 1088 532 1177 delum,
548 1087 603 1160 ad
620 1093 875 1188 expositionem
888 1087 1211 1187 progrediemur».

293 1243 311 1278 e
329 1217 368 1282 Β.
394 1243 411 1278 e
425 1212 524 1284 Alius
546 1212 660 1285 codex
686 1215 748 1283 MS
772 1211 1069 1284 membranaceus
1094 1225 1168 1299 est,
1202 1207 1319 1284 forma

245 1365 262 1402 r
281 1334 358 1409 fere
377 1351 522 1421 octava,
541 1337 664 1434 paullo
688 1336 816 1431 majori
836 1351 977 1422 temen,
996 1335 1062 1422 ita,
1082 1349 1124 1405 ut
1144 1339 1247 1433 piene
1266 1337 1320 1404 vi·

247 1489 264 1528 α
282 1458 410 1552 dentur
432 1483 509 1534 esse
533 1461 571 1530 in
593 1473 736 1556 quarto.
762 1462 891 1530 insunt
918 1473 1054 1557 puncta
1076 1472 1115 1530 et
1137 1459 1237 1556 signa
1264 1458 1318 1528 in·

243 1613 261 1650 e
277 1584 540 1681 terrogationis.
565 1583 710 1682 Ubique
739 1581 861 1655 nichil.
885 1581 942 1670 Ad
968 1583 1112 1654 initium
1139 1583 1319 1681 scriptum

245 1735 262 1778 α
281 1721 334 1778 est
354 1733 361 1776 :
385 1707 493 1778 Liber
513 1707 671 1780 Conradt
685 1705 837 1804 plebani
852 1704 898 1777 de
915 1704 1125 1778 eriinroder
1148 1706 1319 1803 quivero

243 1859 261 1896 α
278 1855 352 1902 non
381 1829 563 1916 librarius,
592 1829 656 1902 sed
688 1855 872 1929 possessor
899 1829 1044 1901 videtur
1071 1827 1180 1901 fuisse
1206 1829 1318 1924 hujus

244 1952 429 2050 scodicis3
451 1979 536 2026 nam
557 1968 611 2025 est
634 1954 791 2052 scriptus
815 1953 883 2025 alia
909 1977 1033 2025 manu.
1061 1950 1205 2024 Scholia
1230 1952 1318 2025 hinc

243 2077 375 2150 «illinc
393 2101 503 2176 supra
521 2091 660 2148 textum
677 2077 795 2174 posita
814 2075 860 2148 ab
881 2077 953 2148 olio
972 2099 1082 2175 quam
1102 2073 1148 2147 ab
1167 2099 1212 2147 eo
1227 2077 1317 2148 scri-

242 2215 341 2299 «ptn
362 2200 547 2284 videntur,
573 2201 639 2297 qui
662 2199 823 2284 codicem
855 2203 1022 2272 exaravit.
1054 2202 1174 2272 Litora
1195 2205 1219 2270 I
1238 2225 1315 2271 non

242 2324 409 2422 «gaudet
428 2337 567 2423 puncto
591 2329 615 2396 i.
637 2323 756 2396 Verba
781 2329 813 2397 0
840 2329 955 2398 Tite...
976 2330 1089 2422 pretii
1110 2348 1213 2422 psene
1240 2338 1317 2398 tota

240 2481 257 2516 α
275 2463 361 2522 sunt
389 2447 529 2534 delen,
563 2467 603 2520 ut
632 2449 692 2519 vix
722 2473 795 2520 une
824 2449 881 2519 vel
915 2447 1026 2520 altera
1057 2448 1160 2519 litera
1193 2463 1315 2520 restet.

241 2573 394 2646 «Schol.
411 2572 549 2644 addidit
562 2572 607 2644 ad
622 2575 775 2658 levasso,
798 2570 965 2645 desidem
988 2573 1115 2645 levare.
1134 2577 1220 2644 Post
1239 2571 1316 2644 brec

183 2732 185 2747 =
239 2694 382 2768 «verba
402 2695 519 2768 deleta
542 2697 771 2795 praemittitur
794 2693 894 2766 aliud
919 2720 1054 2767 nomen
1080 2696 1140 2766 vix
1166 2697 1316 2792 conspi-

241 2843 385 2892 «cuum
403 2846 412 2890 ε
433 2819 549 2891 Julius
569 2819 689 2890 Desid.
714 2815 851 2916 (forsan
873 2819 1089 2916 Desiderrns)
1111 2822 1222 2891 olto.
1243 2823 1314 2891 Re·

241 2944 373 3042 «lique
399 2957 575 3020 vetustate
603 2944 789 3041 perierunt
808 2971 836 3012 r.
866 2946 908 3013 In
927 2941 1001 3014 fine
1023 2947 1065 3016 V.
1086 2945 1129 3012 D.
1150 2941 1311 3014 addidit:

239 3067 423 3140 sVidetnr
453 3067 514 3140 hic
547 3066 663 3138 codex
694 3067 848 3165 scriptus
874 3091 951 3138 esse
978 3065 1108 3138 saeculo
1136 3070 1231 3152 XIV,
1254 3065 1312 3138 vel

239 3195 351 3280 cXV,
374 3205 410 3264 et
432 3191 649 3288 plerumque
674 3214 758 3261 cum
787 3204 885 3260 textu
913 3188 1053 3286 vulgari
1077 3191 1286 3277 convenite.

287 3319 355 3386 «C.
374 3312 525 3394 «Codex
540 3313 667 3384 tertius
687 3311 779 3393 ἰπὶ-,8.
798 3316 843 3384 Et
864 3312 921 3386 hic
944 3311 1060 3384 codex
1082 3311 1312 3385 membrana-

238 3461 354 3509 rceus
367 3439 444 3510 sine
458 3437 622 3526 scholiis,
639 3434 756 3508 forma
771 3451 899 3508 octava
916 3437 1064 3532 majori,
1079 3454 1154 3511 erat
1167 3440 1205 3524 in
1220 3436 1309 3510 bibl.

236 3593 252 3628 <r
271 3559 308 3633 b.
324 3561 482 3647 Ernesti,
499 3563 554 3632 uti
576 3559 650 3632 duo
670 3561 894 3658 superiores,
909 3573 945 3631 et
963 3560 1200 3634 videturesse
1218 3563 1313 3633 anti·

237 3714 253 3750 a
273 3684 479 3782 quissimus.
496 3685 646 3755 initium
667 3698 743 3756 est:
767 3684 939 3758 scribitur
955 3684 1080 3770 michi,
1103 3685 1224 3757 m'chtt.
1245 3691 1311 3756 In-

234 3811 353 3904 «cipit
369 3804 507 3878 Tullius
527 3807 574 3878 de
599 3813 816 3881 Senectute».
840 3811 881 3878 ln
904 3805 976 3878 fine
1002 3812 1045 3879 V.
1070 3813 1115 3880 D.
1141 3807 1309 3882 addidit:

234 3935 342 4001 «Hoc
364 3934 426 4001 MS
448 3931 607 4000 continet
628 3956 680 4000 xu
708 3929 893 4028 plagelles,
926 3946 961 4001 et
987 3931 1225 4026 conjunctum
1251 3949 1308 4004 est

231 4085 247 4118 α
265 4079 348 4124 cum
366 4057 428 4124 MS
450 4053 495 4126 de
512 4056 694 4142 Amicitia,
716 4053 815 4150 quod
838 4054 962 4126 eadem
986 4079 1095 4126 manu
1118 4055 1304 4128 eteoclem

232 4209 248 4242 ιι
267 4191 430 4276 tempore
448 4178 622 4275 scriptum
644 4177 798 4248 videtur.
817 4184 858 4249 In
879 4177 1050 4274 Catelogo
1074 4177 1162 4250 libb.
1182 4177 1217 4249 b.
1238 4184 1305 4251 Et·
