2828 4896
389 424 452 496 DE
475 423 810 496 ANACOLUTHIS.
1025 449 1132 502 xxxrx

80 543 131 608 dus
146 543 185 626 Q.
195 543 315 610 Fabius
327 543 612 614 Iubeo...arbiter
625 542 945 633 detumuluquutus.
956 548 1065 635 Atque
1081 549 1134 613 vel

78 648 164 716 sicad
179 679 194 708 ι
209 649 237 714 si
247 671 363 716 verum
380 666 450 717 est·
466 672 504 718 ea
520 650 631 718 omnis
648 681 662 708 s
673 651 715 733 Q.
722 651 759 716 F.
771 650 849 716 Lab.
859 667 920 716 etc.
934 679 948 708 s
962 654 1135 718 accusativi

78 757 170 820 forms
182 777 259 823 cum
271 755 430 825 infinitivo
442 756 709 846 intelligerentur.
729 759 873 845 Apparet
891 773 1001 822 sutem
1023 759 1132 847 ipsum

78 860 148 926 illud
159 862 319 928 labeonis
330 863 477 946 lacinus,
492 863 572 951 quin
583 885 660 928 rere
670 862 883 928 commissum
893 859 955 945 sit',
964 863 1135 930 vehemen-

76 965 132 1032 'tius
148 966 309 1051 dubitari,
326 991 430 1057 quum
445 991 464 1032 a
479 967 586 1032 verbis
600 998 613 1024 ι
623 968 651 1032 si
663 990 777 1034 rerum
795 983 865 1034 est»
885 968 940 1034 illa
956 992 1037 1034 nexa
1052 971 1136 1052 sint,

77 1095 166 1160 quum
182 1075 209 1140 si
227 1075 475 1151 oratione-reeta
493 1075 688 1164 legerentur.
717 1075 802 1138 Cum
819 1075 884 1142 hoo
906 1075 980 1140 loco
1004 1099 1137 1166 compa·

76 1178 166 1244 rande
182 1195 277 1262 sunt,
295 1179 417 1268 quibus
431 1180 621 1250 continetur
636 1178 777 1244 formula
793 1179 1002 1264 Stoicorum,
1016 1182 1086 1264 111,
1098 1187 1136 1265 4,

78 1287 294 1368 insimiliter,
309 1309 382 1375 quse
397 1286 610 1376 requirebant
623 1285 853 1368 indicativum,
862 1287 1063 1367 conjunctivi
1074 1289 1141 1352 l'or-

77 1413 155 1458 mam
166 1393 230 1458 sibi
243 1392 378 1458 everbis
394 1391 570 1472 interjectis
583 1389 801 1473 adsciverunt,
814 1393 848 1473 Ι,
859 1414 913 1473 21,
925 1416 966 1480 72
979 1416 987 1458 ι
1002 1421 1015 1448 ι
1024 1394 1142 1482 Capes-

75 1498 212 1563 sentibus
223 1513 332 1564 outem
342 1519 443 1588 remp.
450 1497 555 1562 nihilo
564 1497 692 1580 minus,
708 1519 807 1584 quern
823 1497 1043 1587 philosophis,
1053 1499 1142 1564 baud

76 1605 137 1668 scio
153 1627 195 1672 sn
211 1605 314 1694 magis
331 1604 445 1686 etiam,
463 1619 497 1670 et
514 1601 752 1692 magnificentia
769 1619 802 1670 et
819 1602 1029 1692 despicientia
1048 1605 1140 1670 adhi-

76 1709 176 1776 tenda
190 1710 232 1776 sit
247 1733 359 1776 rerum
371 1711 589 1776 bumanorum
599 1741 624 1774 ν.
637 1708 875 1774 Verbnrnihilo
889 1711 997 1776 nunus
1008 1743 1020 1768 a
1031 1735 1142 1800 posce·

77 1816 149 1885 bem
169 1848 182 1874 ι
195 1815 471 1884 adhibendam».
488 1815 655 1882 concessit
670 1831 781 1880 autem
798 1816 913 1880 Cicero
932 1819 1140 1906 propioribus

76 1925 174 1990 serbis
185 1957 198 1980 ι
208 1924 297 1992 haud
310 1925 377 1990 scio
389 1947 430 1990 au
439 1955 452 1980 ι
469 1923 724 2006 conjunctivum.
738 1921 837 2004 Lali,
852 1921 929 1990 153:
942 1922 1066 2012 *idque
1079 1925 1143 1991 hoc

75 2049 264 2120 argumento
290 2029 474 2098 confirmari
492 2045 621 2118 potest,
645 2027 753 2117 quod,
781 2029 1000 2119 sicontigerit
1024 2053 1061 2094 en
1078 2032 1142 2096 vim

76 2137 225 2226 sepienti,
242 2139 330 2204 utin
346 2137 495 2204 omniunt
513 2159 623 2202 rerum
641 2133 849 2200 affluentibus
864 2136 982 2224 copiis,
995 2137 1143 2224 quamvis

76 2241 181 2305 omnia
191 2288 202 2322 ,
213 2263 286 2330 quae
297 2239 484 2330 cognitione
498 2237 596 2328 digna
607 2254 701 2320 suut,
715 2260 845 2304 summo
861 2238 931 2303 otio
947 2260 1059 2304 secum
1073 2240 1144 2328 ipse

75 2347 256 2412 consideret
268 2362 300 2412 et
315 2346 553 2435 contempletur
568 2367 577 2410 :
591 2361 719 2426 umen,
731 2345 757 2410 si
769 2343 912 2412 solitudo
929 2346 1088 2429 nonsit,
1105 2363 1146 2410 ut

78 2453 242 2526 hominem
257 2452 367 2520 videre
382 2475 452 2518 non
468 2451 588 2541 possit,
605 2450 773 2520 excedate
787 2451 854 2516 vitu
866 2481 890 2516 ».
905 2450 1036 2518 Periodi
1053 2453 1145 2542 prin·

78 2561 193 2648 cipium
212 2558 378 2648 «quod...
401 2575 488 2624 ut...
516 2558 714 2646 quamvis...
741 2557 1027 2646 contempletur»,
1052 2561 1144 2648 sequi

78 2667 206 2746 jubebat
219 2666 305 2731 haec:
320 2681 449 2730 «tamen
465 2662 607 2729 solitudo
620 2679 708 2727 tanta
724 2663 778 2746 sit,
800 2679 837 2728 ut
854 2664 1023 2728 hominem
1036 2663 1145 2731 videre

81 2789 141 2832 non
157 2767 280 2856 possit,
296 2765 428 2831 excedat
443 2789 461 2830 e
475 2765 573 2830 vita».
588 2765 681 2828 Hanc
700 2763 978 2853 impeditissimum
995 2781 1094 2853 utque
1109 2769 1144 2831 in

79 2873 358 2952 conjunctivomm
381 2871 608 2940 molestissimo
630 2892 794 2936 concursu
818 2893 934 2958 parum
961 2871 1145 2936 distinctam

78 2979 353 3044 constructionem
366 3001 406 3042 an
419 3001 485 3044 non
503 2977 607 3066 aptius
624 2992 709 3058 erat,
723 2976 774 3041 vel
788 2976 889 3040 invita
901 2957 1017 3040 roculsi
1031 2991 1082 3058 ut,
1099 2979 1146 3042 le·

79 3105 167 3167 rare,
183 3099 218 3148 et
229 3082 381 3172 expedire
392 3083 438 3146 sic
448 3100 505 3165 ,ut
520 3081 712 3170 interposito
728 3084 756 3145 si
768 3080 830 3169 (ne
842 3097 1064 3169 repeterentur
1076 3083 1147 3148 haec

77 3192 189 3255 omnia
208 3195 238 3254 si
250 3192 417 3277 contigen't
437 3213 475 3252 eo
490 3192 563 3254 vita
579 3189 734 3278 sopr'entr',
756 3200 792 3251 ut
793 3189 829 3270 ),
850 3197 957 3252 tamen
973 3188 1148 3254 referretur

78 3295 118 3360 ad
133 3295 272 3360 excedat
290 3317 308 3358 e
328 3299 411 3374 vita,
439 3318 511 3382 quoe
537 3293 634 3358 rerba
657 3317 696 3358 ex
722 3293 871 3358 instituta
898 3294 1043 3358 oratione
1067 3319 1149 3360 nexa

77 3420 168 3468 erant
192 3425 270 3467 cum
294 3400 390 3490 quod.
413 3401 498 3465 Huic
527 3399 666 3482 loccis,
692 3401 749 3487 qui
772 3400 938 3488 sequitur,
965 3401 1148 3467 simillimus

15 3503 16 3510 ἵ
78 3525 127 3573 est
147 3531 206 3590 eo,
230 3506 320 3596 quod
342 3506 502 3570 inchoatae
525 3504 777 3569 constructionis
803 3504 952 3595 neglectu
977 3506 1075 3570 vitata
1099 3525 1149 3574 est

78 3615 241 3704 repetitio,
253 3616 293 3698 1,
310 3613 346 3700 5,
364 3614 423 3681 15:
436 3616 540 3697 «Quae
558 3628 701 3700 quatuor
716 3635 914 3700 quamquam
933 3614 1018 3677 inter
1034 3636 1068 3677 se
1085 3616 1149 3680 col-

76 3721 174 3809 ligata
190 3737 288 3810 atque
304 3721 464 3810 implicata
481 3735 576 3801 sunt,
594 3734 701 3782 tamen
716 3741 755 3783 ex
772 3715 907 3807 singulis
922 3735 1007 3782 certa
1026 3718 1147 3785 officio·

77 3851 153 3891 rum
171 3851 289 3917 genem
307 3842 507 3892 nascuntur:
526 3825 616 3890 velut
632 3843 671 3889 ex
692 3848 730 3889 ea
751 3840 861 3915 parte,
880 3848 952 3912 quse
968 3827 1072 3914 prima
1093 3827 1151 3893 de·

79 3935 197 4024 scripta
211 3951 275 4017 est,
288 3937 321 3998 in
336 3957 401 4022 qua
416 3926 606 4022 sapientiam
618 3948 650 3996 et
663 3931 866 4021 prudentiam
881 3932 1054 4021 ponimus,
1067 3935 1151 3999 inest

78 4038 244 4128 indagatio
263 4056 359 4127 atque
383 4037 526 4104 inventio
543 4037 630 4119 veri3
653 4036 786 4124 ejusque
804 4034 932 4100 virtutis
950 4037 1015 4101 hoc
1032 4061 1153 4104 munus

80 4163 127 4210 est
139 4145 344 4236 proprium».
359 4145 511 4211 Instituta
523 4143 645 4228 oratio,
658 4158 696 4208 ut
707 4143 803 4206 solito
819 4143 919 4209 modo
932 4143 1152 4233 perficeretur,
