<?xml version="1.0" encoding="UTF-8"?>
<!DOCTYPE html PUBLIC "-//W3C//DTD XHTML 1.0 Transitional//EN"
    "http://www.w3.org/TR/xhtml1/DTD/xhtml1-transitional.dtd">
<html xmlns="http://www.w3.org/1999/xhtml" xml:lang="en" lang="en">
 <head>
  <title>
</title>
<meta http-equiv="Content-Type" content="text/html;charset=utf-8" />
  <meta name='ocr-system' content='tesseract 3.04.00' />
  <meta name='ocr-capabilities' content='ocr_page ocr_carea ocr_par ocr_line ocrx_word'/>
</head>
<body>
  <div class='ocr_page' id='page_1' title='image "bibliothecaclas95lemagoog_0015.png"; bbox 0 0 2770 4888; ppageno 0'>
   <div class='ocr_carea' id='block_1_1' title="bbox 213 493 929 600">
    <p class='ocr_par' dir='ltr' id='par_1_1' title="bbox 213 493 929 600">
     <span class='ocr_line' id='line_1_1' title="bbox 213 493 929 600; baseline -0.013 -31"><span class='ocrx_word' id='word_1_1' title='bbox 213 498 283 590; x_wconf 72' lang='lat' dir='ltr'>my</span> <span class='ocrx_word' id='word_1_2' title='bbox 574 495 690 600; x_wconf 75' lang='lat' dir='ltr'>Nom</span> <span class='ocrx_word' id='word_1_3' title='bbox 715 493 929 563; x_wconf 80' lang='lat' dir='ltr'>notroms</span> 
     </span>
    </p>
   </div>
   <div class='ocr_carea' id='block_1_2' title="bbox 179 621 1342 3941">
    <p class='ocr_par' dir='ltr' id='par_1_2' title="bbox 179 621 1342 3941">
     <span class='ocr_line' id='line_1_2' title="bbox 211 621 1292 731; baseline -0.006 -29"><span class='ocrx_word' id='word_1_4' title='bbox 211 635 297 718; x_wconf 86' lang='lat' dir='ltr'>tim,</span> <span class='ocrx_word' id='word_1_5' title='bbox 322 655 453 731; x_wconf 84' lang='lat' dir='ltr'>nempe</span> <span class='ocrx_word' id='word_1_6' title='bbox 470 637 541 704; x_wconf 85' lang='lat' dir='ltr'>Jac.</span> <span class='ocrx_word' id='word_1_7' title='bbox 559 626 793 714; x_wconf 89' lang='lat' dir='ltr'>Facciolatus,</span> <span class='ocrx_word' id='word_1_8' title='bbox 813 630 886 697; x_wconf 82' lang='lat' dir='ltr'>lac.</span> <span class='ocrx_word' id='word_1_9' title='bbox 906 621 1002 694; x_wconf 90' lang='lat' dir='ltr'>Frid.</span> <span class='ocrx_word' id='word_1_10' title='bbox 1019 624 1292 721; x_wconf 87' lang='lat' dir='ltr'>Heusingerus,</span> 
     </span>
     <span class='ocr_line' id='line_1_3' title="bbox 211 748 1291 852; baseline -0.008 -25"><span class='ocrx_word' id='word_1_11' title='bbox 211 758 300 852; x_wconf 83' lang='lat' dir='ltr'>Aug.</span> <span class='ocrx_word' id='word_1_12' title='bbox 309 751 693 840; x_wconf 86' lang='lat' dir='ltr'>Gotth.Gernhardus,</span> <span class='ocrx_word' id='word_1_13' title='bbox 706 765 742 822; x_wconf 92' lang='lat' dir='ltr'>et</span> <span class='ocrx_word' id='word_1_14' title='bbox 751 755 829 824; x_wconf 88' lang='lat' dir='ltr'>Car.</span> <span class='ocrx_word' id='word_1_15' title='bbox 842 751 1006 833; x_wconf 85' lang='lat' dir='ltr'>Beierus,</span> <span class='ocrx_word' id='word_1_16' title='bbox 1025 748 1075 818; x_wconf 90' lang='lat' dir='ltr'>ita</span> <span class='ocrx_word' id='word_1_17' title='bbox 1089 748 1291 846; x_wconf 90' lang='lat' dir='ltr'>superemi-</span> 
     </span>
     <span class='ocr_line' id='line_1_4' title="bbox 212 872 1287 968; baseline -0.008 -19"><span class='ocrx_word' id='word_1_18' title='bbox 212 877 359 968; x_wconf 84' lang='lat' dir='ltr'>nebant,</span> <span class='ocrx_word' id='word_1_19' title='bbox 372 894 416 950; x_wconf 93' lang='lat' dir='ltr'>ut</span> <span class='ocrx_word' id='word_1_20' title='bbox 429 881 468 951; x_wconf 91' lang='lat' dir='ltr'>in</span> <span class='ocrx_word' id='word_1_21' title='bbox 483 903 544 952; x_wconf 86' lang='lat' dir='ltr'>eos</span> <span class='ocrx_word' id='word_1_22' title='bbox 555 879 708 949; x_wconf 86' lang='lat' dir='ltr'>maxime</span> <span class='ocrx_word' id='word_1_23' title='bbox 718 878 828 946; x_wconf 91' lang='lat' dir='ltr'>animi</span> <span class='ocrx_word' id='word_1_24' title='bbox 841 875 955 944; x_wconf 86' lang='lat' dir='ltr'><strong>nostri</strong></span> <span class='ocrx_word' id='word_1_25' title='bbox 968 872 1120 943; x_wconf 90' lang='lat' dir='ltr'>attentio</span> <span class='ocrx_word' id='word_1_26' title='bbox 1135 895 1287 943; x_wconf 88' lang='lat' dir='ltr'>conver-</span> 
     </span>
     <span class='ocr_line' id='line_1_5' title="bbox 211 993 1289 1095; baseline -0.005 -24"><span class='ocrx_word' id='word_1_27' title='bbox 211 998 321 1071; x_wconf 89' lang='lat' dir='ltr'>tenda</span> <span class='ocrx_word' id='word_1_28' title='bbox 344 999 509 1095; x_wconf 89' lang='lat' dir='ltr'>esset(1).</span> <span class='ocrx_word' id='word_1_29' title='bbox 532 1000 683 1071; x_wconf 91' lang='lat' dir='ltr'>Illorum</span> <span class='ocrx_word' id='word_1_30' title='bbox 704 998 956 1094; x_wconf 91' lang='lat' dir='ltr'>unusquisque</span> <span class='ocrx_word' id='word_1_31' title='bbox 971 1010 1026 1067; x_wconf 90' lang='lat' dir='ltr'>tot</span> <span class='ocrx_word' id='word_1_32' title='bbox 1044 993 1110 1066; x_wconf 90' lang='lat' dir='ltr'>sibi</span> <span class='ocrx_word' id='word_1_33' title='bbox 1126 994 1289 1093; x_wconf 90' lang='lat' dir='ltr'>propriis</span> 
     </span>
     <span class='ocr_line' id='line_1_6' title="bbox 211 1119 1289 1210; baseline -0.002 -16"><span class='ocrx_word' id='word_1_34' title='bbox 211 1123 406 1196; x_wconf 87' lang='lat' dir='ltr'>virtutibus</span> <span class='ocrx_word' id='word_1_35' title='bbox 416 1122 683 1210; x_wconf 89' lang='lat' dir='ltr'>abundabat,ut</span> <span class='ocrx_word' id='word_1_36' title='bbox 693 1121 833 1193; x_wconf 92' lang='lat' dir='ltr'>nullum</span> <span class='ocrx_word' id='word_1_37' title='bbox 843 1122 972 1209; x_wconf 90' lang='lat' dir='ltr'>solum,</span> <span class='ocrx_word' id='word_1_38' title='bbox 983 1124 1109 1192; x_wconf 88' lang='lat' dir='ltr'>ceteris</span> <span class='ocrx_word' id='word_1_39' title='bbox 1118 1119 1289 1208; x_wconf 87' lang='lat' dir='ltr'>exclusis,</span> 
     </span>
     <span class='ocr_line' id='line_1_7' title="bbox 213 1243 1294 1344; baseline -0.002 -26"><span class='ocrx_word' id='word_1_40' title='bbox 213 1250 316 1344; x_wconf 88' lang='lat' dir='ltr'>sequi</span> <span class='ocrx_word' id='word_1_41' title='bbox 331 1248 572 1344; x_wconf 89' lang='lat' dir='ltr'>potuerimus,</span> <span class='ocrx_word' id='word_1_42' title='bbox 581 1246 645 1318; x_wconf 91' lang='lat' dir='ltr'>sed</span> <span class='ocrx_word' id='word_1_43' title='bbox 658 1270 703 1318; x_wconf 87' lang='lat' dir='ltr'>ex</span> <span class='ocrx_word' id='word_1_44' title='bbox 715 1269 865 1342; x_wconf 91' lang='lat' dir='ltr'>quoque</span> <span class='ocrx_word' id='word_1_45' title='bbox 879 1266 1019 1315; x_wconf 86' lang='lat' dir='ltr'>servare</span> <span class='ocrx_word' id='word_1_46' title='bbox 1034 1243 1294 1333; x_wconf 75' lang='lat' dir='ltr'>debuerimuS,</span> 
     </span>
     <span class='ocr_line' id='line_1_8' title="bbox 179 1365 1291 1468; baseline -0.001 -27"><span class='ocrx_word' id='word_1_47' title='bbox 179 1389 183 1399; x_wconf 85' lang='lat'>&#39;</span> <span class='ocrx_word' id='word_1_48' title='bbox 211 1369 313 1468; x_wconf 89' lang='lat' dir='ltr'>quod</span> <span class='ocrx_word' id='word_1_49' title='bbox 324 1370 552 1442; x_wconf 85' lang='lat' dir='ltr'>utilissimum</span> <span class='ocrx_word' id='word_1_50' title='bbox 572 1367 763 1467; x_wconf 76' lang='lat' dir='ltr'>prmstabat</span> <span class='ocrx_word' id='word_1_51' title='bbox 781 1367 856 1440; x_wconf 87' lang='lat' dir='ltr'>sive</span> <span class='ocrx_word' id='word_1_52' title='bbox 871 1365 917 1438; x_wconf 91' lang='lat' dir='ltr'>ad</span> <span class='ocrx_word' id='word_1_53' title='bbox 932 1381 1051 1439; x_wconf 84' lang='lat' dir='ltr'>textus</span> <span class='ocrx_word' id='word_1_54' title='bbox 1065 1368 1192 1456; x_wconf 86' lang='lat' dir='ltr'>crisin,</span> <span class='ocrx_word' id='word_1_55' title='bbox 1211 1367 1291 1440; x_wconf 80' lang='lat' dir='ltr'>sire</span> 
     </span>
     <span class='ocr_line' id='line_1_9' title="bbox 211 1483 1290 1590; baseline -0.003 -26"><span class='ocrx_word' id='word_1_56' title='bbox 211 1491 254 1565; x_wconf 80' lang='lat' dir='ltr'>nd</span> <span class='ocrx_word' id='word_1_57' title='bbox 266 1483 751 1590; x_wconf 87' lang='lat' dir='ltr'>sensusinterpretationem,</span> <span class='ocrx_word' id='word_1_58' title='bbox 761 1491 835 1562; x_wconf 90' lang='lat' dir='ltr'>sive</span> <span class='ocrx_word' id='word_1_59' title='bbox 846 1489 994 1561; x_wconf 85' lang='lat' dir='ltr'>tandem</span> <span class='ocrx_word' id='word_1_60' title='bbox 1006 1488 1050 1561; x_wconf 85' lang='lat' dir='ltr'>nd</span> <span class='ocrx_word' id='word_1_61' title='bbox 1058 1489 1290 1590; x_wconf 88' lang='lat' dir='ltr'>philosophi·</span> 
     </span>
     <span class='ocr_line' id='line_1_10' title="bbox 212 1615 1289 1710; baseline -0.003 -20"><span class='ocrx_word' id='word_1_62' title='bbox 212 1641 337 1690; x_wconf 83' lang='lat' dir='ltr'>carum</span> <span class='ocrx_word' id='word_1_63' title='bbox 355 1641 477 1689; x_wconf 89' lang='lat' dir='ltr'>rerum</span> <span class='ocrx_word' id='word_1_64' title='bbox 496 1616 786 1689; x_wconf 82' lang='lat' dir='ltr'>illustrationem.</span> <span class='ocrx_word' id='word_1_65' title='bbox 812 1616 936 1705; x_wconf 88' lang='lat' dir='ltr'>Quum</span> <span class='ocrx_word' id='word_1_66' title='bbox 953 1639 1042 1686; x_wconf 86' lang='lat' dir='ltr'>vero</span> <span class='ocrx_word' id='word_1_67' title='bbox 1061 1615 1135 1710; x_wconf 86' lang='lat' dir='ltr'>jam</span> <span class='ocrx_word' id='word_1_68' title='bbox 1153 1616 1289 1694; x_wconf 87' lang='lat' dir='ltr'>unius-</span> 
     </span>
     <span class='ocr_line' id='line_1_11' title="bbox 210 1736 1291 1840; baseline -0.002 -26"><span class='ocrx_word' id='word_1_69' title='bbox 210 1741 388 1840; x_wconf 86' lang='lat' dir='ltr'>cujusque</span> <span class='ocrx_word' id='word_1_70' title='bbox 406 1736 686 1813; x_wconf 85' lang='lat' dir='ltr'>oommentarius</span> <span class='ocrx_word' id='word_1_71' title='bbox 706 1739 967 1838; x_wconf 91' lang='lat' dir='ltr'>amplissimum</span> <span class='ocrx_word' id='word_1_72' title='bbox 980 1754 1122 1812; x_wconf 90' lang='lat' dir='ltr'>tomum</span> <span class='ocrx_word' id='word_1_73' title='bbox 1136 1739 1291 1839; x_wconf 88' lang='lat' dir='ltr'>impleat</span> 
     </span>
     <span class='ocr_line' id='line_1_12' title="bbox 210 1863 1342 1963; baseline -0.002 -27"><span class='ocrx_word' id='word_1_74' title='bbox 210 1867 337 1961; x_wconf 91' lang='lat' dir='ltr'>(immo</span> <span class='ocrx_word' id='word_1_75' title='bbox 346 1865 621 1963; x_wconf 85' lang='lat' dir='ltr'>Beierusduos),</span> <span class='ocrx_word' id='word_1_76' title='bbox 638 1865 842 1963; x_wconf 89' lang='lat' dir='ltr'>periculum</span> <span class='ocrx_word' id='word_1_77' title='bbox 855 1878 989 1936; x_wconf 89' lang='lat' dir='ltr'>eratne</span> <span class='ocrx_word' id='word_1_78' title='bbox 1004 1863 1077 1935; x_wconf 89' lang='lat' dir='ltr'>hoc</span> <span class='ocrx_word' id='word_1_79' title='bbox 1089 1863 1266 1935; x_wconf 81' lang='lat' dir='ltr'>volumen</span> <span class='ocrx_word' id='word_1_80' title='bbox 1278 1917 1302 1963; x_wconf 21' lang='grc' dir='ltr'>,Ι</span> <span class='ocrx_word' id='word_1_81' title='bbox 1340 1901 1342 1904; x_wconf 94' lang='grc'>-</span> 
     </span>
     <span class='ocr_line' id='line_1_13' title="bbox 209 1985 1292 2086; baseline -0.001 -26"><span class='ocrx_word' id='word_1_82' title='bbox 209 1991 248 2060; x_wconf 89' lang='lat' dir='ltr'>in</span> <span class='ocrx_word' id='word_1_83' title='bbox 271 2014 347 2086; x_wconf 92' lang='lat' dir='ltr'>quo</span> <span class='ocrx_word' id='word_1_84' title='bbox 370 2004 499 2086; x_wconf 89' lang='lat' dir='ltr'>praeter</span> <span class='ocrx_word' id='word_1_85' title='bbox 517 1989 630 2082; x_wconf 86' lang='lat' dir='ltr'>libros</span> <span class='ocrx_word' id='word_1_86' title='bbox 651 1987 697 2059; x_wconf 88' lang='lat' dir='ltr'>de</span> <span class='ocrx_word' id='word_1_87' title='bbox 717 1985 854 2059; x_wconf 86' lang='lat' dir='ltr'>Officiis</span> <span class='ocrx_word' id='word_1_88' title='bbox 879 1986 953 2060; x_wconf 93' lang='lat' dir='ltr'>duo</span> <span class='ocrx_word' id='word_1_89' title='bbox 976 1987 1036 2058; x_wconf 90' lang='lat' dir='ltr'>alii</span> <span class='ocrx_word' id='word_1_90' title='bbox 1059 1986 1141 2058; x_wconf 91' lang='lat' dir='ltr'>libri</span> <span class='ocrx_word' id='word_1_91' title='bbox 1169 1989 1292 2059; x_wconf 89' lang='lat' dir='ltr'>conti-</span> 
     </span>
     <span class='ocr_line' id='line_1_14' title="bbox 208 2110 1290 2202; baseline 0.002 -20"><span class='ocrx_word' id='word_1_92' title='bbox 208 2114 290 2184; x_wconf 87' lang='lat' dir='ltr'>neri</span> <span class='ocrx_word' id='word_1_93' title='bbox 323 2110 528 2200; x_wconf 87' lang='lat' dir='ltr'>debebant,</span> <span class='ocrx_word' id='word_1_94' title='bbox 557 2111 653 2182; x_wconf 89' lang='lat' dir='ltr'>ultra</span> <span class='ocrx_word' id='word_1_95' title='bbox 683 2134 829 2182; x_wconf 88' lang='lat' dir='ltr'>ornnem</span> <span class='ocrx_word' id='word_1_96' title='bbox 856 2110 1007 2182; x_wconf 92' lang='lat' dir='ltr'>modum</span> <span class='ocrx_word' id='word_1_97' title='bbox 1040 2127 1290 2202; x_wconf 80' lang='lat' dir='ltr'>excreseeret3</span> 
     </span>
     <span class='ocr_line' id='line_1_15' title="bbox 208 2233 1290 2332; baseline 0.002 -28"><span class='ocrx_word' id='word_1_98' title='bbox 208 2235 331 2332; x_wconf 83' lang='lat' dir='ltr'>itaque</span> <span class='ocrx_word' id='word_1_99' title='bbox 355 2235 412 2311; x_wconf 90' lang='lat' dir='ltr'>vel</span> <span class='ocrx_word' id='word_1_100' title='bbox 431 2238 477 2306; x_wconf 90' lang='lat' dir='ltr'>iis</span> <span class='ocrx_word' id='word_1_101' title='bbox 502 2237 786 2322; x_wconf 80' lang='lat' dir='ltr'>commentariis,</span> <span class='ocrx_word' id='word_1_102' title='bbox 803 2257 897 2332; x_wconf 89' lang='lat' dir='ltr'>quos</span> <span class='ocrx_word' id='word_1_103' title='bbox 918 2233 992 2307; x_wconf 87' lang='lat' dir='ltr'>fere</span> <span class='ocrx_word' id='word_1_104' title='bbox 1013 2235 1110 2307; x_wconf 91' lang='lat' dir='ltr'>solos</span> <span class='ocrx_word' id='word_1_105' title='bbox 1134 2234 1290 2307; x_wconf 88' lang='lat' dir='ltr'>adhibe-</span> 
     </span>
     <span class='ocr_line' id='line_1_16' title="bbox 207 2339 1290 2458; baseline 0.003 -28"><span class='ocrx_word' id='word_1_106' title='bbox 207 2359 348 2447; x_wconf 81' lang='lat' dir='ltr'>bamus,</span> <span class='ocrx_word' id='word_1_107' title='bbox 361 2385 436 2430; x_wconf 93' lang='lat' dir='ltr'>non</span> <span class='ocrx_word' id='word_1_108' title='bbox 450 2360 519 2430; x_wconf 90' lang='lat' dir='ltr'>nisi</span> <span class='ocrx_word' id='word_1_109' title='bbox 529 2339 735 2458; x_wconf 80' lang='lat' dir='ltr'>parcissime</span> <span class='ocrx_word' id='word_1_110' title='bbox 749 2357 803 2430; x_wconf 90' lang='lat' dir='ltr'>uti</span> <span class='ocrx_word' id='word_1_111' title='bbox 813 2358 924 2445; x_wconf 90' lang='lat' dir='ltr'>licuit,</span> <span class='ocrx_word' id='word_1_112' title='bbox 940 2374 977 2430; x_wconf 92' lang='lat' dir='ltr'>et</span> <span class='ocrx_word' id='word_1_113' title='bbox 988 2359 1102 2431; x_wconf 87' lang='lat' dir='ltr'>multa</span> <span class='ocrx_word' id='word_1_114' title='bbox 1115 2361 1290 2434; x_wconf 89' lang='lat' dir='ltr'>omittere</span> 
     </span>
     <span class='ocr_line' id='line_1_17' title="bbox 210 2481 1291 2583; baseline 0.005 -30"><span class='ocrx_word' id='word_1_115' title='bbox 210 2481 280 2553; x_wconf 80' lang='lat' dir='ltr'>furt</span> <span class='ocrx_word' id='word_1_116' title='bbox 293 2507 440 2555; x_wconf 88' lang='lat' dir='ltr'>necesse</span> <span class='ocrx_word' id='word_1_117' title='bbox 457 2507 538 2580; x_wconf 82' lang='lat' dir='ltr'>quae</span> <span class='ocrx_word' id='word_1_118' title='bbox 547 2497 644 2555; x_wconf 89' lang='lat' dir='ltr'>certe</span> <span class='ocrx_word' id='word_1_119' title='bbox 657 2481 755 2554; x_wconf 77' lang='lat' dir='ltr'>doen</span> <span class='ocrx_word' id='word_1_120' title='bbox 768 2481 1044 2556; x_wconf 76' lang='lat' dir='ltr'>desiderabunt</span> <span class='ocrx_word' id='word_1_121' title='bbox 1036 2501 1291 2583; x_wconf 87' lang='lat' dir='ltr'>·quapropter</span> 
     </span>
     <span class='ocr_line' id='line_1_18' title="bbox 210 2605 1284 2736; baseline 0.003 -58"><span class='ocrx_word' id='word_1_122' title='bbox 210 2620 247 2684; x_wconf 88' lang='lat' dir='ltr'>et</span> <span class='ocrx_word' id='word_1_123' title='bbox 265 2606 406 2698; x_wconf 79' lang='lat' dir='ltr'>multas</span> <span class='ocrx_word' id='word_1_124' title='bbox 401 2605 667 2736; x_wconf 71' lang='lat' dir='ltr'>philologicos</span> <span class='ocrx_word' id='word_1_125' title='bbox 662 2607 935 2705; x_wconf 60' lang='lat' dir='ltr'>ntitas‘minoris</span> <span class='ocrx_word' id='word_1_126' title='bbox 949 2609 1126 2679; x_wconf 89' lang='lat' dir='ltr'>momenti</span> <span class='ocrx_word' id='word_1_127' title='bbox 1143 2606 1284 2705; x_wconf 89' lang='lat' dir='ltr'>quibus</span> 
     </span>
     <span class='ocr_line' id='line_1_19' title="bbox 207 2700 1289 2844; baseline 0.006 -45"><span class='ocrx_word' id='word_1_128' title='bbox 207 2711 516 2826; x_wconf 71' lang='lat' dir='ltr'>Heusingdrotntir</span> <span class='ocrx_word' id='word_1_129' title='bbox 533 2708 735 2844; x_wconf 65' lang='lat' dir='ltr'>prdieitlrll</span> <span class='ocrx_word' id='word_1_130' title='bbox 743 2700 866 2801; x_wconf 84' lang='lat' dir='ltr'>editio</span> <span class='ocrx_word' id='word_1_131' title='bbox 885 2742 1015 2828; x_wconf 88' lang='lat' dir='ltr'>scatet,</span> <span class='ocrx_word' id='word_1_132' title='bbox 1036 2744 1073 2802; x_wconf 89' lang='lat' dir='ltr'>et</span> <span class='ocrx_word' id='word_1_133' title='bbox 1090 2729 1289 2828; x_wconf 89' lang='lat' dir='ltr'>plerosque</span> 
     </span>
     <span class='ocr_line' id='line_1_20' title="bbox 207 2825 1286 2965; baseline 0.001 -41"><span class='ocrx_word' id='word_1_134' title='bbox 207 2852 322 2924; x_wconf 86' lang='lat' dir='ltr'>Beien</span> <span class='ocrx_word' id='word_1_135' title='bbox 349 2825 706 2965; x_wconf 67' lang='lat' dir='ltr'>excuis&#39;ttls3‘11igfitis·</span> <span class='ocrx_word' id='word_1_136' title='bbox 710 2836 860 2948; x_wconf 65' lang='lat' dir='ltr'>{ruidem</span> <span class='ocrx_word' id='word_1_137' title='bbox 887 2853 1104 2940; x_wconf 83' lang='lat' dir='ltr'>attentione,</span> <span class='ocrx_word' id='word_1_138' title='bbox 1126 2852 1190 2924; x_wconf 85' lang='lat' dir='ltr'>sed</span> <span class='ocrx_word' id='word_1_139' title='bbox 1213 2875 1286 2926; x_wconf 87' lang='lat' dir='ltr'>nu-</span> 
     </span>
     <span class='ocr_line' id='line_1_21' title="bbox 208 2942 1287 3085; baseline 0.003 -40"><span class='ocrx_word' id='word_1_140' title='bbox 208 2999 311 3046; x_wconf 91' lang='lat' dir='ltr'>mero</span> <span class='ocrx_word' id='word_1_141' title='bbox 328 2990 365 3046; x_wconf 90' lang='lat' dir='ltr'>et</span> <span class='ocrx_word' id='word_1_142' title='bbox 377 2942 770 3085; x_wconf 72' lang='lat' dir='ltr'>amplitudtrremostros</span> <span class='ocrx_word' id='word_1_143' title='bbox 782 2971 874 3044; x_wconf 87' lang='lat' dir='ltr'>fines</span> <span class='ocrx_word' id='word_1_144' title='bbox 890 2997 1038 3072; x_wconf 88' lang='lat' dir='ltr'>prorsus</span> <span class='ocrx_word' id='word_1_145' title='bbox 1049 2974 1287 3067; x_wconf 83' lang='lat' dir='ltr'>excedentes,</span> 
     </span>
     <span class='ocr_line' id='line_1_22' title="bbox 209 3068 1287 3196; baseline 0.005 -29"><span class='ocrx_word' id='word_1_146' title='bbox 209 3111 245 3167; x_wconf 89' lang='lat' dir='ltr'>et</span> <span class='ocrx_word' id='word_1_147' title='bbox 263 3099 377 3167; x_wconf 84' lang='lat' dir='ltr'>varias</span> <span class='ocrx_word' id='word_1_148' title='bbox 392 3073 553 3193; x_wconf 71' lang='lat' dir='ltr'>denique</span> <span class='ocrx_word' id='word_1_149' title='bbox 564 3068 753 3169; x_wconf 69' lang='lat' dir='ltr'>tenloiies</span> <span class='ocrx_word' id='word_1_150' title='bbox 762 3097 977 3169; x_wconf 86' lang='lat' dir='ltr'>abstulimus</span> <span class='ocrx_word' id='word_1_151' title='bbox 990 3123 1080 3196; x_wconf 91' lang='lat' dir='ltr'>quas</span> <span class='ocrx_word' id='word_1_152' title='bbox 1093 3100 1287 3172; x_wconf 87' lang='lat' dir='ltr'>Gernhar-</span> 
     </span>
     <span class='ocr_line' id='line_1_23' title="bbox 208 3219 1283 3314; baseline 0.006 -24"><span class='ocrx_word' id='word_1_153' title='bbox 208 3219 277 3291; x_wconf 87' lang='lat' dir='ltr'>dus</span> <span class='ocrx_word' id='word_1_154' title='bbox 295 3243 341 3289; x_wconf 85' lang='lat' dir='ltr'>ex</span> <span class='ocrx_word' id='word_1_155' title='bbox 358 3221 431 3289; x_wconf 88' lang='lat' dir='ltr'>suis</span> <span class='ocrx_word' id='word_1_156' title='bbox 450 3224 571 3290; x_wconf 75' lang='lat' dir='ltr'>MSSl</span> <span class='ocrx_word' id='word_1_157' title='bbox 581 3249 645 3314; x_wconf 78' lang='lat' dir='ltr'>,p,</span> <span class='ocrx_word' id='word_1_158' title='bbox 657 3221 698 3312; x_wconf 76' lang='grc' dir='ltr'>ψ,</span> <span class='ocrx_word' id='word_1_159' title='bbox 718 3234 755 3290; x_wconf 91' lang='lat' dir='ltr'>et</span> <span class='ocrx_word' id='word_1_160' title='bbox 773 3221 917 3292; x_wconf 87' lang='lat' dir='ltr'>Beierus</span> <span class='ocrx_word' id='word_1_161' title='bbox 937 3247 982 3292; x_wconf 86' lang='lat' dir='ltr'>ex</span> <span class='ocrx_word' id='word_1_162' title='bbox 1004 3226 1177 3294; x_wconf 89' lang='lat' dir='ltr'>Bernensi</span> <span class='ocrx_word' id='word_1_163' title='bbox 1198 3223 1283 3296; x_wconf 86' lang='lat' dir='ltr'>eod.</span> 
     </span>
     <span class='ocr_line' id='line_1_24' title="bbox 209 3345 1286 3448; baseline 0.005 -32"><span class='ocrx_word' id='word_1_164' title='bbox 209 3357 483 3442; x_wconf 85' lang='lat' dir='ltr'>expresserunt,</span> <span class='ocrx_word' id='word_1_165' title='bbox 501 3367 665 3441; x_wconf 88' lang='lat' dir='ltr'>quasque</span> <span class='ocrx_word' id='word_1_166' title='bbox 683 3345 721 3415; x_wconf 91' lang='lat' dir='ltr'>in</span> <span class='ocrx_word' id='word_1_167' title='bbox 735 3369 808 3416; x_wconf 82' lang='lat' dir='ltr'>suae</span> <span class='ocrx_word' id='word_1_168' title='bbox 827 3345 996 3418; x_wconf 86' lang='lat' dir='ltr'>editionis</span> <span class='ocrx_word' id='word_1_169' title='bbox 1017 3348 1113 3419; x_wconf 88' lang='lat' dir='ltr'>calce</span> <span class='ocrx_word' id='word_1_170' title='bbox 1134 3372 1286 3448; x_wconf 84' lang='lat' dir='ltr'>conges-</span> 
     </span>
     <span class='ocr_line' id='line_1_25' title="bbox 207 3467 1284 3566; baseline 0.004 -27"><span class='ocrx_word' id='word_1_171' title='bbox 207 3483 353 3555; x_wconf 88' lang='lat' dir='ltr'>serunt;</span> <span class='ocrx_word' id='word_1_172' title='bbox 377 3487 535 3565; x_wconf 87' lang='lat' dir='ltr'>namque</span> <span class='ocrx_word' id='word_1_173' title='bbox 554 3467 735 3566; x_wconf 87' lang='lat' dir='ltr'>quidquid</span> <span class='ocrx_word' id='word_1_174' title='bbox 754 3471 841 3540; x_wconf 91' lang='lat' dir='ltr'>novi</span> <span class='ocrx_word' id='word_1_175' title='bbox 864 3484 901 3541; x_wconf 90' lang='lat' dir='ltr'>et</span> <span class='ocrx_word' id='word_1_176' title='bbox 925 3470 1022 3540; x_wconf 90' lang='lat' dir='ltr'>utilis</span> <span class='ocrx_word' id='word_1_177' title='bbox 1041 3469 1093 3541; x_wconf 93' lang='lat' dir='ltr'>ibi</span> <span class='ocrx_word' id='word_1_178' title='bbox 1115 3472 1284 3544; x_wconf 90' lang='lat' dir='ltr'>contine·</span> 
     </span>
     <span class='ocr_line' id='line_1_26' title="bbox 207 3591 1224 3691; baseline 0.002 -29"><span class='ocrx_word' id='word_1_179' title='bbox 207 3591 315 3662; x_wconf 86' lang='lat' dir='ltr'>batur</span> <span class='ocrx_word' id='word_1_180' title='bbox 333 3617 400 3664; x_wconf 93' lang='lat' dir='ltr'>suo</span> <span class='ocrx_word' id='word_1_181' title='bbox 424 3591 505 3663; x_wconf 92' lang='lat' dir='ltr'>loco</span> <span class='ocrx_word' id='word_1_182' title='bbox 526 3593 564 3662; x_wconf 91' lang='lat' dir='ltr'>in</span> <span class='ocrx_word' id='word_1_183' title='bbox 583 3593 663 3690; x_wconf 94' lang='lat' dir='ltr'>ipso</span> <span class='ocrx_word' id='word_1_184' title='bbox 686 3607 860 3664; x_wconf 88' lang='lat' dir='ltr'>contextu</span> <span class='ocrx_word' id='word_1_185' title='bbox 877 3595 1077 3691; x_wconf 89' lang='lat' dir='ltr'>repositum</span> <span class='ocrx_word' id='word_1_186' title='bbox 1097 3592 1224 3666; x_wconf 88' lang='lat' dir='ltr'>fuerat.</span> 
     </span>
     <span class='ocr_line' id='line_1_27' title="bbox 257 3713 1285 3791; baseline 0.006 -6"><span class='ocrx_word' id='word_1_187' title='bbox 257 3718 487 3788; x_wconf 84' lang='lat' dir='ltr'>Potissimum</span> <span class='ocrx_word' id='word_1_188' title='bbox 499 3719 553 3788; x_wconf 89' lang='lat' dir='ltr'>usi</span> <span class='ocrx_word' id='word_1_189' title='bbox 564 3718 824 3788; x_wconf 86' lang='lat' dir='ltr'>commentario</span> <span class='ocrx_word' id='word_1_190' title='bbox 834 3713 992 3788; x_wconf 90' lang='lat' dir='ltr'>duorum</span> <span class='ocrx_word' id='word_1_191' title='bbox 1002 3720 1285 3791; x_wconf 88' lang='lat' dir='ltr'>novissimorum</span> 
     </span>
     <span class='ocr_line' id='line_1_28' title="bbox 206 3836 1284 3941; baseline 0.005 -30"><span class='ocrx_word' id='word_1_192' title='bbox 206 3836 404 3927; x_wconf 90' lang='lat' dir='ltr'>editorum,</span> <span class='ocrx_word' id='word_1_193' title='bbox 431 3839 635 3913; x_wconf 88' lang='lat' dir='ltr'>Gernhardi</span> <span class='ocrx_word' id='word_1_194' title='bbox 667 3865 800 3940; x_wconf 88' lang='lat' dir='ltr'>nempe</span> <span class='ocrx_word' id='word_1_195' title='bbox 825 3855 867 3936; x_wconf 89' lang='lat' dir='ltr'>et</span> <span class='ocrx_word' id='word_1_196' title='bbox 886 3843 1020 3928; x_wconf 89' lang='lat' dir='ltr'>Beieri‚</span> <span class='ocrx_word' id='word_1_197' title='bbox 1043 3843 1110 3940; x_wconf 91' lang='lat' dir='ltr'>qui</span> <span class='ocrx_word' id='word_1_198' title='bbox 1137 3843 1207 3941; x_wconf 93' lang='lat' dir='ltr'>ipsi</span> <span class='ocrx_word' id='word_1_199' title='bbox 1235 3867 1284 3916; x_wconf 80' lang='lat' dir='ltr'>ex</span> 
     </span>
    </p>
   </div>
   <div class='ocr_carea' id='block_1_3' title="bbox 202 4064 1287 4323">
    <p class='ocr_par' dir='ltr' id='par_1_3' title="bbox 202 4064 1287 4323">
     <span class='ocr_line' id='line_1_29' title="bbox 243 4064 1283 4134; baseline 0.004 -18"><span class='ocrx_word' id='word_1_200' title='bbox 243 4065 281 4131; x_wconf 89' lang='lat' dir='ltr'>(t)</span> <span class='ocrx_word' id='word_1_201' title='bbox 298 4064 365 4113; x_wconf 85' lang='lat' dir='ltr'>Vide</span> <span class='ocrx_word' id='word_1_202' title='bbox 384 4064 449 4114; x_wconf 77' lang='lat' dir='ltr'>infra</span> <span class='ocrx_word' id='word_1_203' title='bbox 471 4065 535 4134; x_wconf 90' lang='lat' dir='ltr'>(pp.</span> <span class='ocrx_word' id='word_1_204' title='bbox 547 4065 604 4134; x_wconf 74' lang='lat' dir='ltr'>&#39;xiij</span> <span class='ocrx_word' id='word_1_205' title='bbox 621 4069 703 4134; x_wconf 70' lang='lat' dir='ltr'>seqq.)</span> <span class='ocrx_word' id='word_1_206' title='bbox 723 4067 809 4116; x_wconf 75' lang='lat' dir='ltr'>titulos</span> <span class='ocrx_word' id='word_1_207' title='bbox 822 4079 927 4134; x_wconf 76' lang='lat' dir='ltr'>quatuor</span> <span class='ocrx_word' id='word_1_208' title='bbox 944 4067 1040 4118; x_wconf 74' lang='lat' dir='ltr'>illerum</span> <span class='ocrx_word' id='word_1_209' title='bbox 1053 4068 1205 4133; x_wconf 78' lang='lat' dir='ltr'>editionum,</span> <span class='ocrx_word' id='word_1_210' title='bbox 1224 4085 1283 4120; x_wconf 79' lang='lat' dir='ltr'>eun</span> 
     </span>
     <span class='ocr_line' id='line_1_30' title="bbox 202 4161 1287 4232; baseline 0.003 -20"><span class='ocrx_word' id='word_1_211' title='bbox 202 4164 300 4225; x_wconf 81' lang='lat' dir='ltr'>judicio</span> <span class='ocrx_word' id='word_1_212' title='bbox 315 4161 386 4227; x_wconf 86' lang='lat' dir='ltr'>quod</span> <span class='ocrx_word' id='word_1_213' title='bbox 399 4162 498 4213; x_wconf 77' lang='lat' dir='ltr'>Beier-us</span> <span class='ocrx_word' id='word_1_214' title='bbox 514 4164 545 4214; x_wconf 80' lang='lat' dir='ltr'>de</span> <span class='ocrx_word' id='word_1_215' title='bbox 558 4164 636 4216; x_wconf 77' lang='lat' dir='ltr'>trihus</span> <span class='ocrx_word' id='word_1_216' title='bbox 653 4163 791 4232; x_wconf 80' lang='lat' dir='ltr'>prioribus,</span> <span class='ocrx_word' id='word_1_217' title='bbox 809 4165 836 4214; x_wconf 87' lang='lat' dir='ltr'>in</span> <span class='ocrx_word' id='word_1_218' title='bbox 856 4164 992 4214; x_wconf 82' lang='lat' dir='ltr'>editionum</span> <span class='ocrx_word' id='word_1_219' title='bbox 1004 4165 1089 4214; x_wconf 82' lang='lat' dir='ltr'>Indice</span> <span class='ocrx_word' id='word_1_220' title='bbox 1105 4179 1157 4214; x_wconf 74' lang='lat' dir='ltr'>suae</span> <span class='ocrx_word' id='word_1_221' title='bbox 1174 4165 1287 4215; x_wconf 77' lang='lat' dir='ltr'>editioni</span> 
     </span>
     <span class='ocr_line' id='line_1_31' title="bbox 204 4257 443 4323; baseline 0.004 -16"><span class='ocrx_word' id='word_1_222' title='bbox 204 4260 353 4323; x_wconf 68' lang='lat' dir='ltr'>subjuncto,</span> <span class='ocrx_word' id='word_1_223' title='bbox 372 4257 443 4308; x_wconf 80' lang='lat' dir='ltr'>tulit.</span> 
     </span>
    </p>
   </div>
   <div class='ocr_carea' id='block_1_4' title="bbox 0 0 1390 4888">
    <p class='ocr_par' dir='ltr' id='par_1_4' title="bbox 0 0 1390 4888">
     <span class='ocr_line' id='line_1_32' title="bbox 0 0 1390 4888; baseline 0 1"><span class='ocrx_word' id='word_1_224' title='bbox 0 0 1390 4888; x_wconf 95' lang='lat' dir='ltr'> </span> 
     </span>
    </p>
   </div>
  </div>
 </body>
</html>
