2770 4888
411 487 727 556 PRAEMONITIO.
1068 485 1115 578 :cj

56 621 157 715 quivis
173 633 332 690 statuere
350 643 419 718 pro
432 619 581 690 arbitrio
596 620 720 718 possit.
732 621 914 692 Hactenus
930 618 1020 688 mihi
1033 621 1111 706 uni,

56 742 203 837 meisque
239 739 368 811 studiis
399 765 550 839 operam
584 740 767 813 dederam.
806 739 1110 838 Quandoquidem

57 877 163 934 autem
184 866 224 934 in
247 861 329 936 latis
350 880 444 954 erat,
466 879 507 937 ut
527 863 707 964 quidquid
730 867 901 962 egissem,
927 887 1026 935 nunc
1052 863 1111 936 de·

57 1011 144 1058 mum
171 991 268 1086 typis
299 990 585 1078 committerem,
617 990 799 1090 optimum
836 986 943 1078 duxi,
975 988 1111 1062 scholia

58 1110 206 1207 quedam
220 1127 259 1183 et
272 1112 529 1211 explicationes
543 1112 630 1186 locis
648 1137 725 1184 non
744 1113 793 1186 ita
808 1111 924 1212 planis
938 1111 1111 1207 adjicere,

58 1259 126 1330 qua
148 1235 358 1310 hominibus
383 1241 422 1308 in
448 1238 519 1309 hoc
544 1236 653 1309 studii
675 1261 809 1334 genere
827 1260 956 1336 parum
975 1239 1111 1307 exerci-

58 1360 127 1430 tatis
144 1361 224 1431 usui
243 1376 380 1449 essent,
392 1359 629 1459 laboremque
647 1362 864 1432 minuerent.
882 1361 1111 1457 Quamquam

59 1479 143 1553 baud
165 1485 256 1572 scio,
285 1509 332 1554 an
361 1484 413 1556 illi
443 1486 532 1584 ipsi,
562 1485 741 1581 quisunt
772 1485 971 1572 exercitati,
997 1497 1111 1554 totam

60 1602 155 1699 hujus
169 1606 364 1679 voluminis
381 1606 601 1695 doctrinam,
620 1632 694 1678 non
713 1631 798 1679 sane
817 1607 862 1680 de
878 1607 999 1678 medio
1017 1629 1114 1679 sum·

60 1743 164 1823 ptam,
180 1747 375 1829 partesque
389 1733 467 1826 ejus
479 1731 655 1830 singulas,
675 1755 875 1830 earumque
889 1730 1057 1804 ordinem
1076 1746 1113 1802 et

62 1867 255 1926 contextum
277 1856 355 1928 sine
380 1854 545 1950 adjutore
567 1858 755 1955 percipere
776 1857 927 1955 possint.
950 1854 1046 1926 lllud
1066 1869 1114 1926 ta·

62 1999 134 2048 men
152 1979 189 2048 in
211 1979 338 2076 primis
360 1983 458 2067 cari,
484 2003 532 2050 ne
561 1976 783 2050 eruditiones
809 1980 1000 2049 acervatim
1029 2001 1114 2050 con·

64 2121 226 2194 gererem,
252 2116 315 2172 aut
334 2125 447 2198 graeca
472 2099 582 2172 verba
603 2101 840 2188 inculcarem,
864 2101 964 2199 quod
985 2103 1111 2173 Cicero

64 2223 127 2318 ipse
142 2225 176 2295 in
191 2223 254 2296 lib.
269 2230 305 2311 Ι,
319 2250 395 2324 cap.
417 2225 475 2314 31,
489 2240 617 2297 contra
633 2224 794 2298 officium
811 2249 887 2298 esse
904 2240 1039 2300 monet.
1051 2257 1068 2292 n

509 2477 653 2546 INDEX

66 2677 224 2729 sinuosum
256 2683 478 2730 scmrroaurr
511 2683 553 2729 nr
582 2682 832 2730 rrrrnrssonuu
858 2681 1027 2728 vsrrnuu
1052 2681 1116 2741 Qut

106 2789 136 2836 m
159 2791 230 2839 noc
255 2792 519 2840 comusnrsnro
546 2791 886 2840 commemoraturus.
914 2769 977 2864 (ex
1002 2791 1115 2840 cunn-

104 2899 210 2946 nsunt
235 2901 330 2948 sorr.
357 2903 410 2948 rr.
432 2901 542 2964 xxur,
566 2877 675 2973 xxiv.)

99 3067 203 3128 «Variis
218 3067 302 3128 libris
316 3073 390 3131 MSS
406 3089 475 3130 usus
496 3083 540 3130 est
564 3075 667 3130 Petrus
687 3071 853 3142 Victorius3
873 3089 934 3128 uno
952 3075 1119 3150 Augustano

68 3171 239 3254 wolfgangus
250 3177 445 3248 Anemoecius3
459 3195 519 3236 uno
531 3177 650 3236 Fulvius
662 3177 803 3248 Uminus3
815 3175 954 3234 tredecim
966 3175 1117 3237 codicibus

69 3273 141 3336 Aldus
153 3279 301 3340 Manutius
315 3285 391 3360 Nep.
405 3282 482 3342 idem
502 3302 562 3341 uno
582 3281 698 3342 Alberti
712 3283 825 3342 Tertii:
845 3283 887 3342 sic
908 3283 985 3342 enim
1006 3285 1116 3343 centies

71 3384 213 3460 appellatur
226 3386 256 3445 iu
272 3386 336 3466 ipso
349 3388 474 3446 Manutii
491 3391 705 3449 Commentario
720 3388 800 3467 apud
815 3389 973 3448 Graevium.
988 3390 1117 3450 Heusin-

71 3505 154 3564 gtrus,
175 3493 225 3571 qui
243 3493 323 3552 bunc
343 3493 473 3553 codicem
494 3507 524 3553 et
545 3495 777 3573 antiquissimum
800 3507 829 3553 et
851 3495 1117 3575 praestantissimum

72 3611 124 3652 raro
135 3616 151 3654 a
161 3598 279 3676 reliquis
293 3599 470 3658 Manutisnis
486 3599 652 3679 distinguit,
669 3598 770 3659 scribit
781 3601 918 3660 Tettium.
934 3605 1030 3660 Unum
1045 3601 1118 3659 scri·

73 3709 138 3772 ptum
155 3705 302 3782 exemplar
317 3717 361 3762 est
377 3707 456 3764 Petri
470 3705 619 3776 Balduini,
642 3707 741 3783 plures
758 3704 826 3765 libri
844 3707 919 3764 MSS
937 3719 1005 3764 suut
1021 3706 1118 3766 Caroli

74 3807 170 3886 langii,
187 3811 307 3869 Antonii
322 3813 447 3884 Mureti,
465 3812 587 3872 suffridi
600 3813 692 3887 Petri,
711 3811 845 3889 Dionysii
855 3810 1004 3884 Lambini,
1024 3817 1118 3872 Fran-

75 3911 127 3970 cisci
139 3914 266 3976 Fabricii.
279 3921 369 3976 Janus
379 3917 560 3977 Guilielmius
571 3919 717 3977 consuluit
729 3917 930 3978 coloniensem
943 3918 1073 3977 codicem
1089 3933 1119 3978 et

76 4014 270 4098 Fabricianum,
284 4021 359 4081 duos
378 4043 432 4100 per
449 4023 593 4082 Merulam
613 4024 747 4095 collatos,
767 4036 903 4102 excerpta
914 4023 1076 4097 Carrionis,
1090 4041 1120 4087 et

77 4121 245 4186 Cumanum
257 4127 421 4208 exemplam
439 4133 528 4188 Janus
541 4136 685 4189 Gruterus
698 4130 772 4188 duos
787 4127 876 4188 libros
889 4130 1034 4190 Palatinos
1048 4133 1118 4210 (Pal.

81 4245 89 4280 ι
101 4241 124 4286 et
138 4237 178 4308 a),
188 4235 312 4296 Thomas
327 4237 527 4296 Coclmaunus
541 4235 641 4298 decem
653 4236 834 4298 oxonienses
848 4235 938 4316 (Ore),
952 4242 997 4296 Jo.
1012 4243 1118 4320 Georg.
