2770 4888
810 315 824 360 t

444 471 755 540 rnnnounro.
1037 475 1140 569 xxxj

116 637 133 668 «1
146 613 282 678 Horum
301 602 467 676 codicum
482 605 734 676 Gothanomm
750 619 833 676 uter
848 607 878 677 is
892 607 948 693 sit,
961 610 1065 704 cujus
1079 635 1138 681 au-

73 731 269 801 ctoritatem
288 729 431 798 Ernesti
447 729 483 798 in
502 730 599 799 notis
616 725 660 798 ad
676 729 749 798 Cic.
771 729 918 800 Laelium
930 730 1048 804 decies
1062 732 1136 806 sere

73 849 235 938 adhibet,
267 865 368 922 certo
406 873 625 946 cognoscere
654 875 730 922 oon
762 853 873 948 potui.
905 857 1135 954 Quamquam

73 997 150 1042 cum
170 975 282 1044 nostri
298 973 409 1045 Goth.
425 1000 456 1044 a.
472 972 626 1044 lectione
646 973 863 1072 plerumque
880 981 1060 1051 consentit
1073 985 1136 1052 Er-

74 1098 173 1166 nestii
199 1095 279 1168 cod.
313 1096 424 1169 Goth.
463 1102 506 1166 ln
538 1111 670 1168 neutro
695 1096 829 1167 horum
857 1097 961 1170 codd.
995 1106 1133 1200 reperi,

72 1245 99 1290 c.
114 1219 167 1306 15,
185 1221 241 1308 53,
260 1238 335 1294 tum
346 1246 457 1318 quum
473 1219 581 1292 exsul
590 1236 696 1304 esset,
716 1245 772 1304 se,
793 1235 858 1291 etc.
878 1221 979 1319 quod
995 1227 1135 1298 Ernesti

74 1348 130 1415 MS
159 1344 328 1415 Gothano
353 1344 494 1432 tribuit,
517 1369 637 1440 neque
664 1367 694 1413 c.
722 1369 778 1439 17,
798 1343 866 1432 61,
891 1353 1134 1420 assentationi-

71 1466 148 1552 bus,-
169 1491 289 1563 neque
310 1492 341 1538 c.
362 1491 402 1536 21
424 1480 514 1538 extr.
529 1471 770 1564 permisceo&
798 1492 919 1564 neque
938 1493 969 1540 c.
986 1497 1052 1556 aa,
1070 1471 1134 1560 82,

71 1615 105 1660 se
119 1595 233 1662 colent
250 1597 341 1661 nater
354 1615 409 1676 se,
431 1589 494 1662 sed
515 1592 631 1660 colent
653 1615 691 1660 se
707 1597 800 1662 inter
812 1615 850 1661 se
866 1591 976 1664 Goth.
998 1619 1029 1664 a.
1050 1597 1134 1666 scri·

74 1728 171 1808 ptum
191 1729 261 1803 est;
282 1715 321 1784 in
341 1712 452 1785 Goth.
472 1711 509 1783 b.
530 1714 646 1782 colent
666 1717 753 1782 inter
770 1736 816 1782 se.

114 1865 130 1898 «
147 1835 199 1907 Ad
218 1835 395 1908 editiones
414 1835 514 1933 quod
537 1836 682 1922 attinet,
702 1831 867 1905 conferre
887 1833 987 1906 licuit
1005 1835 1133 1908 editio·

74 1981 151 2028 nem
166 1961 387 2058 Lipsiensem
403 1958 448 2030 de
466 1984 562 2030 anno
582 1957 689 2044 1183,
707 1957 744 2027 in
758 1956 861 2051 cujus
874 1955 946 2028 fine
963 1956 1134 2054 leguntur

72 2079 168 2153 haec:
193 2083 336 2155 «Marci
362 2081 471 2154 Tullii
506 2082 691 2153 Ciceronis
715 2079 878 2178 dialogus
908 2079 952 2151 de
981 2084 1134 2154 amicitia

72 2204 256 2302 «Lyptzgk
277 2207 472 2304 impressus
491 2203 613 2276 solerti
636 2227 722 2274 cura
741 2202 953 2274 emendatus
967 2202 1134 2279 soeliciter

71 2329 248 2425 «explicit.
269 2337 373 2400 Anno
395 2328 519 2398 salutis
546 2327 637 2412 1483
648 2357 673 2395 1.

114 2483 130 2516 α
151 2460 285 2526 Veneta
301 2455 357 2526 ed.
375 2453 420 2526 de
434 2479 532 2525 anno
552 2455 654 2551 1487,
668 2456 842 2550 impressa
860 2461 1051 2528 estVenet.
1070 2457 1131 2529 fol.

71 2576 143 2647 Vid.
161 2577 298 2650 Praesat.
321 2577 367 2649 ad
388 2582 465 2649 Cat.
485 2601 521 2674 p.
537 2603 586 2648 rx.
610 2579 762 2672 (Horum
782 2575 1024 2674 philosophie.
1045 2604 1131 2678 opp.

74 2711 151 2773 tom.
170 2706 204 2790 I,
229 2727 308 2800 pag.
331 2700 429 2797 461.)

113 2851 130 2886 α
141 2825 388 2895 Ascensianam
408 2821 463 2893 ed.
481 2821 556 2892 dixi
572 2824 609 2892 in
629 2826 724 2892 notis
738 2819 782 2892 de
798 2847 896 2892 anno
916 2819 1023 2911 1520,
1037 2850 1132 2922 quo-

71 2945 158 3015 niam
168 2947 267 3018 hunc
281 2973 417 3020 annum
433 2946 479 3017 ad
493 2950 569 3018 Cat.
589 2921 884 3032 M.notaveram,
907 2970 1130 3044 quamquam

70 3069 102 3137 in
115 3070 224 3142 altera
239 3095 317 3167 pag.
335 3095 452 3141 annus
469 3069 600 3166 legitur
619 3071 771 3138 MDXlI.

112 3225 128 3258 1
141 3194 308 3293 Lugdun.
328 3194 385 3266 ed.
412 3191 522 3280 1556,
551 3215 632 3286 cum
652 3192 754 3288 Xysti
776 3189 926 3261 Betuleii
945 3216 1130 3267 commen·

71 3317 169 3404 tario,
189 3317 337 3413 adjectis
366 3319 449 3386 Des.
484 3315 640 3412 Erasini,
664 3318 700 3383 P.
734 3315 900 3400 Victorii,
925 3318 1020 3386 Petri
1049 3319 1127 3390 Bai·

71 3435 162 3514 duini
179 3456 215 3512 et
232 3439 431 3512 Omniboni
449 3436 756 3510 adnotationibus.
774 3437 890 3536 Lugd.
912 3435 1023 3526 1556,
1041 3442 1128 3528 1114.

111 3561 296 3634 1Μ.Τ111111
307 3564 493 3634 Ciceronis
507 3561 552 3632 de
563 3559 701 3632 Officiis
715 3559 796 3631 libri
811 3576 893 3644 tres,
905 3565 994 3632 Cato
1002 3565 1129 3658 Major,

69 3683 199 3772 Latius,
223 3685 422 3773 Paradoxa,
445 3687 636 3757 Somnium
656 3686 835 3782 Scipionis
858 3709 901 3755 ex
921 3691 1129 3762 recensione

68 3809 205 3879 loannis
237 3811 383 3908 Georgii
408 3811 548 3880 Graevii.
577 3813 670 3878 Cum
699 3808 860 3902 ejusdem
884 3810 998 3898 notis,
1031 3829 1130 3886 utet

69 3927 206 4028 integris
225 3929 597 4003 animadversionibus
621 3932 786 4025 Dionysii
810 3929 994 4022 Lambini,
1017 3936 1130 4007 Fulvii

68 4055 198 4143 Ursini,
226 4054 345 4126 Caroli
373 4056 524 4154 Langii,
552 4057 730 4125 Francisci
760 4053 906 4125 Fabritii
935 4057 1128 4128 Marcodu-

69 4179 152 4264 rani,
171 4176 255 4248 Aldi
268 4180 439 4267 Manutii,
462 4204 623 4252 necnon
642 4178 781 4250 selectis
803 4174 967 4252 aliorum.
987 4185 1127 4252 Amste-

70 4295 213 4392 1111111,
233 4303 449 4393 massus.
534 4282 537 4290 “
