2770 4888
445 347 685 462 rnnnsrro.
1052 413 1097 462 ιι

57 511 179 598 incipit».
195 511 231 576 ln
249 525 406 598 promptu
417 511 591 579 iniseriam
605 509 705 582 editio
719 508 868 598 quasdam
883 513 1097 582 Amantiam:

56 617 165 702 «Opera
172 616 336 680 Ciceronis
345 615 579 705 philosophica.
594 617 727 688 Lutetiae
746 616 940 684 Parisiorum
950 617 1038 706 apud
1048 619 1100 688 Jo-

55 719 157 786 docum
179 721 313 792 Badium
339 723 546 804 Ascensium,
569 747 644 792 ann.
669 722 764 804 1521,
782 721 860 790 iola
877 746 974 812 qaam
996 747 1099 812 quum
1129 779 1133 794 .

56 829 257 918 cognovissem
269 853 288 892 n
301 829 434 917 reliquis
447 829 538 900 libris
548 831 714 918 impressis
732 845 808 896 vett.
823 853 891 896 non
908 853 982 899 raro
995 829 1099 901 disce·

55 931 132 1016 dere,
148 957 220 1002 curn
240 935 431 1007 melioribus
447 951 558 1006 autem
570 937 659 1007 libris
673 936 799 1023 scriptis
818 936 1018 1016 consentire,
1031 959 1099 1010 nott

54 1040 143 1104 ninus
164 1040 335 1129 diligenter
362 1042 562 1132 comparari,
584 1064 682 1130 quam
706 1039 957 1130 Lugdunensem
983 1041 1100 1112 editis·

55 1165 130 1226 nem,
145 1146 228 1212 Petri
246 1146 394 1214 Baidnini
410 1170 487 1219 nura
500 1147 703 1236 castigatam,
718 1170 790 1234 quae
807 1147 853 1214 sic
869 1147 1021 1235 inscripta
1033 1163 1099 1216 est:

53 1249 108 1314 «Μ.
122 1251 157 1316 Τ.
176 1252 243 1316 Cic.
261 1252 303 1319 de
315 1251 410 1318 offic.
425 1252 499 1318 iibri
514 1253 575 1335 111,
592 1253 840 1322 Commentariis
855 1252 980 1319 Eram·
991 1254 1101 1322 notar.

53 1355 99 1426 Ph.
109 1357 301 1424 Melanchth.
320 1359 359 1422 V.
373 1359 568 1430 Anterbach.
583 1377 615 1427 et
625 1360 739 1428 Fratre.
750 1359 927 1428 maturant.
941 1375 1012 1430 tum
1028 1359 1101 1428 Dis·

53 1463 152 1548 quisitt.
167 1462 253 1528 Caelii
272 1464 419 1552 Calcagn.
433 1463 591 1532 illustrati.
608 1462 763 1544 Eiusdem
786 1461 826 1530 de
842 1465 1028 1545 Senectute,
1039 1481 1101 1532 etc.

52 1567 149 1632 Omnia
169 1567 236 1648 jam
254 1592 366 1638 recens
387 1569 500 1636 sedulo
522 1572 672 1660 castigata
697 1587 730 1635 et
751 1569 973 1659 copiosissimo
991 1593 1101 1639 rerum

52 1689 129 1759 atque
148 1675 326 1742 verborum
351 1675 458 1744 indice
481 1677 684 1765 locupletata.
709 1674 863 1764 Lugduni
885 1675 975 1764 apud
990 1675 1101 1743 Theo·

51 1777 165 1844 baldum
181 1781 300 1870 Pagan.
319 1779 414 1862 1556,
428 1779 519 1860 ιιι-4ο
530 1813 552 1846 ι.
567 1783 605 1848 ln
620 1781 684 1849 fine
699 1781 828 1862 adjectae
846 1797 924 1844 snnt
937 1811 950 1836 ι
960 1783 1103 1849 Αῐιιιοιιι·

51 1883 135 1951 tiones
152 1886 239 1952 Petri
259 1885 408 1956 Baiduini
433 1887 466 1950 in
493 1886 558 1954 Cic.
575 1885 618 1960 da
643 1887 728 1955 off.»
746 1888 776 1952 lt
795 1885 921 1953 consilii
937 1885 988 1953 atri
1001 1885 1102 1950 ratio·

50 2011 111 2054 nem
127 1992 270 2079 aperiens
286 2015 320 2056 se
336 1991 414 2062 dicit
428 2009 560 2062 nactum
574 2015 642 2060 etas
659 1992 851 2080 exemplaria
862 1990 988 2078 aliquot
1002 2013 1101 2056 manu

50 2117 105 2158 non
124 2098 272 2185 imperite
292 2097 453 2187 descripta
472 2121 481 2163 ε
509 2115 623 2186 prater
640 2115 745 2166 cetera
769 2114 878 2165 autem
897 2119 1002 2167 unum
1019 2097 1102 2163 anti·

49 2203 161 2286 quitatis
173 2203 489 2294 admirandae,qnod
507 2207 664 2294 qstoniam
683 2204 907 2276 fidelissimum
919 2205 1025 2272 risum
1041 2204 1100 2286 sit,

48 2305 120 2373 bona
133 2332 171 2376 ex
186 2327 278 2399 parte
292 2312 499 2399 expresserit,
514 2312 557 2375 ita
572 2325 698 2390 maren,
715 2328 769 2392 nr,
787 2310 844 2377 ubi
862 2310 959 2380 lectio
972 2307 1101 2401 vulgata

48 2433 103 2476 non
113 2417 310 2502 aspernanda
320 2416 419 2480 videri
433 2434 558 2506 posset,
574 2440 787 2505 eamqnoque
806 2415 983 2496 exhiberet,
996 2438 1100 2502 quum
1152 2405 1158 2414 ’

47 2540 94 2599 a,
108 2543 176 2606 qnae
198 2538 337 2592 exstaret
360 2523 394 2592 in
416 2523 485 2591 aliis
504 2521 701 2610 quibusdam
717 2521 975 2610 exemplaribus,
997 2519 1099 2587 affor-

47 2625 126 2688 matis
137 2626 269 2714 quidem
292 2628 372 2709 iliis,
396 2629 454 2698 sad
472 2649 614 2716 qnorum
631 2651 737 2700 unum
751 2627 906 2696 ennianum
923 2642 1007 2693 esset
1024 2642 1100 2693 ante

46 2749 135 2796 annos
146 2732 200 2810 68,
216 2733 353 2805 altarum
367 2755 455 2802 antro
466 2731 585 2803 abhinc
595 2731 864 2822 quinquagesimo
877 2747 1010 2800 octavo:
1029 2753 1103 2818 quan

47 2836 139 2902 minus
156 2837 367 2926 degenerasse
378 2840 537 2926 putaverit
550 2863 568 2902 a
582 2861 733 2926 germana
745 2839 934 2922 sinceraque
948 2835 1099 2914 lectione,

45 2963 129 3026 qnam
137 2967 209 3030 quoe
219 2959 330 3031 postea
338 2944 570 3032 prmeipitantia
578 2943 857 3032 typographorum
869 2940 1051 3010 extruserit.
1061 2941 1103 3006 tu

45 3067 100 3132 quo
114 3047 191 3114 titud
210 3047 388 3122 dolendum
398 3067 463 3131 est,
475 3049 564 3138 quod
578 3071 646 3112 non
666 3049 700 3112 in
720 3046 868 3135 pluribus
884 3044 963 3112 lucis
977 3042 1103 3110 Baldui·

45 3172 110 3230 nus,
120 3151 198 3239 quid
215 3153 363 3242 egregius
380 3153 432 3224 ille
442 3152 524 3222 iiber
538 3168 694 3232 tueretur,
707 3150 869 3217 indicavit.
887 3149 1101 3238 Heusingeri,

44 3255 198 3343 siquando
216 3258 309 3328 illurn
320 3257 468 3325 Balduini
477 3257 623 3327 codicem
633 3273 908 3342 commemorant,
919 3273 1102 3343 sequuntur

44 3358 213 3444 Graevium,
236 3364 294 3451 qni
314 3387 399 3452 saepe
418 3364 537 3437 vetusti
555 3364 652 3445 hujus
675 3363 795 3430 codicis
819 3363 991 3432 lectionem
1008 3360 1100 3426 adhi-

44 3463 99 3530 het.
113 3469 323 3558 Quamquam
337 3469 481 3543 Grmrius
492 3471 650 3539 nonnulla
664 3469 886 3558 praetermisit:
899 3469 993 3556 plura
1004 3468 1101 3534 etiam

5 3595 6 3600 ¹
43 3570 225 3664 Heusingeri
242 3597 250 3640 a
270 3591 308 3667 at
320 3575 376 3643 tib.
392 3577 418 3656 1,
430 3599 501 3664 cap·
517 3573 567 3657 15,
581 3599 630 3666 pr.
648 3599 717 3664 cap.
740 3575 826 3657 16,§
844 3573 880 3656 ὃς
899 3597 968 3662 cap.
987 3572 1101 3656 31,58

42 3693 70 3740 et
82 3680 118 3748 sl.
133 3681 297 3754 Permulta
313 3698 423 3754 autem
435 3680 589 3768 equidem
603 3681 815 3752 animadverti
836 3704 854 3742 a
871 3680 905 3752 Ρ.
925 3677 1103 3760 Baidnino,

38 3785 141 3856 ,nascio
156 3809 196 3856 an
214 3807 254 3856 es
270 3787 423 3875 praestaro
445 3787 499 3858 iiio
518 3786 613 3868 libro,
636 3803 813 3874 occupata,
829 3807 900 3871 quae
918 3785 1101 3876 Heusinger.

42 3908 89 3952 rus
104 3889 236 3962 demum
254 3914 273 3956 e
288 3892 356 3964 suis
374 3891 465 3956 libris
482 3891 563 3962 MSS
574 3891 784 3972 restituisset,
805 3911 908 3978 quum
923 3907 1029 3960 essem
1047 3915 1102 3964 re·

43 3991 127 4080 liques
147 3996 307 4066 aditiones
319 4013 444 4070 retorsa
456 4014 490 4065 et
503 3997 699 4072 recentiores
714 3995 901 4084 depravatae.

79 4101 138 4166 Sed
161 4103 258 4174 ettam
280 4119 353 4191 post
376 4103 403 4168 J.
423 4105 460 4169 Α.
480 4103 665 4173 Ernestium
688 4120 719 4168 et
737 4102 1025 4191 Heusingerianam
1047 4129 1099 4170 rr·
1182 4117 1189 4136 ·
