2770 4888
246 423 337 514 xviij
600 421 716 489 NOVI
742 419 956 489 EDITORIS

247 559 383 626 tionem
400 555 472 651 (t),
496 555 533 624 in
558 579 630 650 qua
653 579 780 626 rursus
800 567 997 625 occurrunt
1016 557 1201 650 exscriptae
1225 561 1317 626 Fac-

246 681 364 750 cioiati
385 693 497 764 notre,
517 694 558 749 ut
580 679 706 752 titulus
730 682 807 779 ipse
827 695 969 766 monet;
991 676 1054 749 sed
1079 677 1139 749 bic
1164 704 1319 778 quoquc

245 801 437 874 debuimus
453 804 584 892 muita,
600 805 797 902 praesertim
813 802 858 874 ad
874 817 991 874 textus
1007 803 1114 874 crisin
1130 805 1318 900 pertinen-

246 929 308 1016 tia,
323 925 482 1013 auferre,
498 953 545 999 ne
559 927 668 1022 hujus
680 927 873 1016 uoluminis
889 927 1003 998 moles
1020 925 1319 1024 praetermodum

244 1069 445 1148 augeretur.
462 1056 510 1122 Ut
533 1052 570 1121 in
592 1051 771 1148 superiori
788 1075 915 1149 opere,
939 1049 1106 1121 consulto
1126 1051 1321 1119 omisimus

244 1177 421 1245 variarum
444 1174 643 1245 lectionum
665 1173 916 1245 collectionem
936 1172 1104 1244 editionis
1124 1172 1212 1244 calci
1231 1173 1322 1243 snb·

241 1299 426 1392 junctam,
446 1300 529 1369 satis
547 1297 725 1371 habentes
742 1299 818 1370 ilias
839 1325 921 1396 quae
945 1299 1096 1394 alicujus
1118 1313 1220 1370 erant
1239 1323 1321 1368 mo-

245 1427 359 1493 menti
377 1423 493 1493 textui
511 1423 680 1494 inserere.
696 1426 787 1493 Item
802 1423 992 1518 rejecimus
1003 1421 1207 1493 Gernhardi
1224 1425 1321 1492 Pro-

244 1545 453 1642 legomena,
476 1571 557 1642 quas
576 1544 665 1616 nihil
683 1545 781 1616 aliud
800 1545 845 1618 de
864 1544 995 1643 dialogi
1013 1560 1246 1645 argumento,
1272 1545 1321 1616 de

247 1684 411 1767 tempore
428 1684 464 1739 et
478 1671 667 1740 occasione
681 1667 815 1766 quibus
830 1669 994 1767 vulgatus
1012 1667 1093 1750 fuit,
1107 1671 1321 1756 continent,

248 1795 318 1862 nisi
342 1791 440 1890 quod
463 1792 654 1864 Sobiitzius
678 1792 716 1862 in
743 1816 810 1863 suo
834 1807 1049 1890 argumento
1071 1817 1091 1862 a
1112 1792 1218 1864 nobis
1241 1819 1321 1864 ser-

244 1931 327 1987 vato
346 1916 492 1987 brevius
510 1916 608 1988 dixit.
626 1921 679 1988 Ex
695 1917 964 2014 Proiegomenis
984 1916 1236 1988 tantummodo
1257 1916 1321 1989 hic

245 2037 502 2110 exscribendos
527 2040 753 2137 excerpimus
783 2040 977 2111 nonnullos
1005 2039 1120 2127 locos,
1149 2045 1186 2110 in
1219 2043 1322 2112 notis

246 2185 404 2259 sparsos,
427 2185 520 2258 quos
547 2162 624 2259 ipse
647 2160 883 2233 Gernhardus
902 2177 1161 2233 commemorat
1181 2165 1220 2231 in
1242 2167 1322 2233 suis

245 2283 290 2356 ad
316 2284 448 2355 librum
476 2285 522 2355 de
547 2286 710 2356 Amicitia
731 2286 999 2383 Proiegomenis
1028 2287 1076 2385 (p.
1100 2283 1163 2358 511
1183 2300 1322 2358 nostrae

244 2409 329 2479 edit.
349 2409 457 2510 not),
475 2409 512 2477 in
529 2408 663 2505 quibus
680 2409 726 2481 de
744 2411 908 2507 personis
926 2411 1140 2482 a'Cicerone
1159 2409 1322 2482 inductis

244 2530 614 2631 etdediaiogigenere
626 2557 824 2631 rerumque
836 2533 964 2606 ordine
976 2535 1321 2623 disserit,nostrum·

245 2681 317 2753 que
334 2681 354 2726 a
371 2651 553 2750 cujusdam
570 2653 730 2727 Richteri
743 2655 1068 2752 vituperationibus
1082 2655 1253 2728 defendit.

293 2782 406 2850 «Non
435 2780 612 2878 aptiorem
646 2804 730 2851 sane
760 2781 887 2850 Cicero
918 2805 1109 2879 personam
1145 2780 1322 2854 adhibere

246 2906 387 3000 potuit,
418 2906 477 2976 cui
510 2927 590 2999 quae
624 2901 670 2974 de
698 2907 890 2975 Senectute
918 2904 1095 2977 sentiebat
1121 2904 1322 2994 tribueret,

247 3052 358 3123 quam
373 3052 477 3111 eum,
493 3051 570 3122 quo
584 3029 667 3124 (pro
684 3033 777 3098 Mur.
793 3052 870 3124 cap.
885 3028 948 3116 31,
962 3027 1024 3124 66)
1043 3030 1225 3102 neminem
1242 3032 1321 3100 exi-

246 3154 366 3220 stimat
379 3151 708 3236 «commodiorem,
722 3157 1022 3241 communiorem,
1037 3153 1321 3226 moderatiorem

246 3303 262 3337 t<
275 3270 383 3344 fuisse
401 3272 447 3343 ad
467 3294 614 3343 omnem
637 3277 814 3346 rationem
838 3276 1073 3350 humanitatis
1083 3311 1108 3348 n.
1132 3280 1197 3350 Hic
1215 3296 1321 3377 post-

249 3421 358 3495 quam
388 3400 541 3496 primam
579 3411 718 3468 aetatem
753 3397 955 3484 laboribus,
987 3401 1185 3500 sobrioque
1220 3405 1321 3475 victu

250 3536 474 3608 exercuerat,
496 3521 533 3590 in
556 3517 659 3608 foro,
688 3523 724 3590 in
746 3537 892 3612 senatu,
922 3527 1121 3614 incastris,
1146 3524 1321 3625 domique

284 3779 321 3843 (ι)
340 3779 380 3826 Sic
391 3780 555 3843 inscriptam:
572 3799 584 3819 α
596 3780 633 3826 Μ.
643 3779 673 3827 Τ.
687 3779 816 3828 Ciceronis
835 3781 897 3830 Cato
916 3784 1003 3843 major,
1020 3799 1062 3830 seu
1084 3783 1113 3829 de
1132 3785 1277 3842 Senectute,
1297 3798 1321 3833 et

246 3875 372 3926 Pandora
386 3877 522 3934 recensuit,
538 3885 563 3924 st
582 3875 684 3924 scholiis
697 3876 786 3924 Jacobi
803 3878 935 3925 Fasciolati
955 3879 1054 3942 suisque
1072 3880 1322 3930 animadversionibus

246 3975 362 4023 instruxit
367 3973 432 4036 Aug.
443 3972 530 4020 Gottb.
540 3973 683 4032 Gernhard,
697 3973 741 4037 pb.
754 3972 778 4021 d.
790 3990 826 4022 ss.
841 3975 868 4024 ll.
878 3992 912 4024 m.
924 3977 1044 4040 gymnasii
1056 3977 1219 4040 Fribergensis
1231 3992 1321 4040 rector,

248 4069 369 4118 societatis
397 4068 479 4116 latinu
503 4069 616 4118 ansnsis
639 4067 738 4118 sodalis.
761 4069 864 4133 Lipsiae‚
888 4072 962 4136 apud
977 4072 1129 4121 Gerburdnm
1154 4073 1320 4123 Fleisobenmi

243 4170 299 4228 J’un.
317 4167 414 4228 ¹⁸¹9”·
