2770 4888
218 447 302 492 xxx
574 425 688 492 NOVl
712 425 925 494 EDITOlllS

220 558 385 655 «scripta
409 557 547 628 minora
570 555 845 654 complectente.
868 562 922 629 De
945 555 1070 628 codice
1092 557 1171 654 ipso
1194 553 1300 627 conf.

221 711 237 746 c
256 686 379 752 Goetze
392 679 749 778 Merlcvzirdigleiten
766 681 833 752 der
851 681 1033 754 Dresdner
1051 679 1265 752 Bibliotltek.

269 807 436 875 «Vimar.
467 802 547 875 cod.
576 802 728 876 membr.
750 806 829 874 init.
857 829 933 875 saec.
958 806 1036 890 XV,
1066 801 1184 874 forma
1207 804 1304 886 ἑτι-4

219 957 236 992 «
254 927 342 996 min.
354 925 442 997 bibl.
456 931 575 1023 Magn.
585 926 958 1014 Ducal.Vimariensis,
973 926 1134 998 collatus.
1148 931 1303 996 Aversae

221 1049 347 1138 «lolii,
372 1049 473 1147 quod
502 1051 630 1122 ultimo
657 1049 842 1148 proecedit,
877 1052 1014 1148 paginae
1041 1049 1300 1148 adscriptum:

221 1178 364 1246 «ISTE.
383 1177 529 1244 LIBER.
555 1178 648 1245 EST.
670 1177 980 1246 VENERABILIS.
1004 1177 1302 1246 CONVENTUS.

221 1329 237 1364 α
257 1301 457 1370 CASEDEI.
470 1302 568 1368 Inest
584 1297 621 1366 in
639 1297 767 1369 eodem
786 1296 866 1368 cod.
884 1297 976 1368 liber
993 1295 1039 1368 de
1058 1301 1300 1368 Senectute».

270 1451 287 1484 «
303 1421 470 1517 Denique
484 1423 547 1491 Vir
561 1419 615 1491 Ill.
634 1425 689 1490 Fr.
703 1419 844 1508 Jacobs,
856 1423 894 1490 in
909 1445 985 1518 quo
1001 1435 1054 1491 est
1071 1417 1303 1490 admirabilis

223 1541 386 1642 quaedam
408 1541 611 1614 humanitas
629 1558 664 1614 et
684 1569 766 1615 cum
785 1545 957 1642 gravitate
976 1547 1141 1630 comitas,
1164 1541 1302 1612 luben·

223 1669 359 1738 tissime
390 1664 482 1736 duos
508 1665 597 1736 mihi
624 1666 766 1738 codices
789 1671 851 1763 qui
880 1670 917 1737 in
944 1670 1033 1738 Duc.
1068 1664 1302 1738 Bibliotheca

226 1788 393 1860 Gothaua
413 1802 656 1878 asservantur,
677 1788 919 1862 conferendos
943 1788 1118 1886 praebuit3
1141 1788 1206 1884 qui
1233 1810 1301 1858 co-

224 1912 336 2000 dices,
356 1912 446 1984 alter
469 1912 580 1984 Goth.
603 1937 652 2000 a,
676 1912 767 1984 alter
788 1912 898 1986 Goth.
923 1911 960 1982 b.
980 1916 1020 1983 in
1042 1913 1137 1982 notis
1166 1908 1299 2008 appel·

226 2039 356 2110 lantur.

272 2160 467 2232 «Gotho.
490 2157 606 2231 codex
625 2161 777 2232 membr.
796 2176 867 2234 oct.
887 2187 921 2231 n.
940 2164 1005 2247 48,
1026 2183 1139 2230 uuum
1158 2155 1299 2229 librum

224 2286 299 2356 Cic.
317 2283 363 2354 de
379 2285 542 2354 Amicitia
555 2284 758 2354 continens.
775 2290 973 2383 Inscriptus
987 2299 1040 2354 est
1056 2312 1064 2354 :
1080 2287 1128 2354 M.
1141 2287 1181 2355 T.
1192 2287 1233 2354 C.
1250 2281 1299 2352 de

225 2408 397 2480 Amicitia.
414 2411 457 2476 ln
480 2404 552 2478 fine
574 2405 681 2500 hujus
695 2406 797 2492 libri,
817 2409 881 2505 qui
898 2433 955 2478 mv
974 2408 1090 2506 plagg.
1112 2409 1299 2490 continet,

224 2535 496 2626 scriptumest:
530 2533 560 2616 l·
593 2534 684 2626 1470
699 2557 706 2597 :
723 2531 855 2620 Quarto
875 2531 976 2601 libro.
1003 2530 1182 2602 Sickmma
1203 2528 1299 2598 talio

224 2655 408 2724 deamicitia
430 2651 483 2721 ed.
505 2655 691 2722 Giannozo
711 2653 923 2750 degiovanni
942 2653 1039 2752 degli
1062 2657 1204 2726 Strozzi
1235 2660 1299 2724 cit·

225 2776 351 2861 tadino
371 2777 571 2870 florentino
597 2775 655 2844 clai
681 2773 848 2846 lotruoua
881 2775 1039 2848 lorenda.
1072 2821 1113 2831 —
1141 2775 1299 2871 Reliqua

227 2925 325 2984 erasa
344 2913 438 2970 sunt.
459 2899 527 2968 Hic
545 2898 617 2970 illic
634 2900 670 2968 in
687 2901 848 2995 margine
869 2903 1111 2974 correctiones
1128 2901 1297 2970 lectionis

226 3025 365 3120 scriptae
388 3035 473 3092 sunt
498 3021 720 3117 levioresque
740 3037 836 3093 notae
862 3021 908 3094 ab
932 3024 999 3094 alia
1021 3048 1140 3093 manu.
1158 3027 1297 3093 Versus

226 3144 335 3214 finem
368 3144 556 3238 aliquoties
584 3167 694 3240 supra
717 3143 826 3232 verba
855 3150 987 3244 scripta
1016 3146 1062 3218 ab
1088 3148 1155 3218 alia
1182 3167 1296 3218 manu

228 3268 362 3338 nullius
384 3267 490 3363 pretii
507 3265 650 3336 scholia.

274 3421 290 3456 α
303 3389 412 3462 Goth.
425 3387 459 3459 b.
468 3387 590 3459 Codex
604 3387 832 3462 Bibliothecae
843 3393 1035 3476 Gotbanx,
1054 3419 1089 3463 n.
1105 3419 1183 3489 117,
1198 3395 1294 3476 in-8,

228 3542 296 3586 xxv
308 3513 424 3612 plagg.
445 3526 542 3583 cont.
558 3537 713 3610 quarum
728 3530 919 3612 postremae
933 3516 1095 3600 scholiis,
1111 3531 1294 3614 quaesunt

228 3641 395 3736 inpriore
413 3637 568 3734 partein
582 3639 743 3734 margine
762 3637 983 3736 frequentia,
1003 3658 1135 3713 carent.
1152 3643 1295 3715 Scholia

228 3760 344 3832 tribus
364 3761 502 3857 paginis
525 3762 630 3857 prim.
661 3759 903 3835 interlinearia
933 3764 1063 3856 deinde
1087 3770 1295 3864 marginalia

228 3885 411 3982 pertinent
425 3883 598 3978 pleraque
610 3881 654 3954 ad
670 3886 921 3983 complendam
937 3891 1137 3961 orationem
1157 3892 1294 3980 verbis,

228 4031 307 4103 quae
326 4019 456 4102 sponte
477 4005 747 4102 intelliguntnr;
771 4011 901 4106 partim
928 4015 1071 4082 mutatis
1098 4014 1216 4086 verbis
1234 4041 1293 4086 re-

228 4143 357 4227 petunt
393 4130 606 4198 sententiam
638 4130 682 4200 ad
716 4148 969 4228 argumentum
1004 4135 1289 4232 significandum.

224 4258 333 4324 lnscr.
344 4250 482 4321 Tullius
498 4249 543 4320 de
565 4254 740 4324 Amicitia.
