2770 4888
219 437 307 484 xvtu
457 416 567 486 AUC.
588 416 752 486 Got'stt
770 417 1040 486 CERNHARDI

217 559 261 602 ce
273 535 418 602 animum
432 535 580 604 abducat.
597 540 716 604 Contra
733 537 775 604 de
793 539 911 627 gloria,
925 537 1017 618 cujus
1036 537 1146 604 studio
1159 555 1236 604 erat
1244 539 1295 622 ju·

216 641 330 706 senilis
341 643 469 710 animus
483 643 724 726 incendendus,
741 646 774 708 iu
794 645 877 710 libro
898 643 1042 710 secundo
1060 645 1152 732 plura
1170 644 1292 733 dispu-

217 747 312 830 tavit,
327 771 506 837 eorumque
523 753 580 838 qui
599 750 803 818 dominatum
818 751 1041 840 appetiissent,
1059 773 1294 838 novarumque

218 875 326 918 rorum
353 853 489 920 studiosi
520 857 671 939 fuissent,
698 859 939 938 Gracchorum,
963 857 1074 937 Sulloe,
1095 857 1123 923 J.
1150 857 1293 941 Caesaris

126 1003 129 1009 ,
217 960 336 1046 sepius
348 977 381 1024 et
396 961 539 1028 severius
551 965 736 1051 perstrinxit
752 963 1003 1053 turpitudinem.

263 1066 300 1128 ln
309 1065 423 1130 eodem
432 1067 593 1132 scribendi
604 1070 739 1136 consilio
745 1069 865 1148 justam
879 1066 1031 1156 equidem
1042 1067 1208 1156 dialogicae
1221 1069 1293 1132 for·

217 1193 293 1252 mae,
307 1194 403 1258 quam
416 1174 532 1260 reliqui
548 1175 713 1240 Ciceronis
724 1175 798 1239 libri
807 1173 1023 1262 philosophici
1036 1195 1101 1260 prae
1115 1195 1149 1236 se
1162 1171 1292 1254 ferunt,

216 1276 250 1344 iu
271 1277 332 1342 hac
354 1277 545 1344 Officiorum
567 1280 714 1350 doctrina
729 1279 935 1369 repudiandae
956 1301 1086 1346 causam
1102 1279 1204 1346 fuisse
1225 1303 1294 1368 pu-

216 1383 359 1447 taverim.
384 1381 530 1448 Scribere
551 1387 638 1452 enim
657 1403 813 1452 statuerat
834 1385 875 1450 ad
893 1385 1038 1450 Marcum
1054 1381 1172 1466 filium,
1193 1383 1292 1470 quod

217 1503 249 1554 ct
266 1489 349 1580 retati
369 1489 453 1554 illius
471 1507 554 1556 essct
574 1493 793 1579 aptissimum,
815 1508 847 1556 et
865 1491 1048 1556 auctoritati
1072 1513 1146 1554 sum.
1168 1492 1294 1580 ltaque

217 1613 284 1654 non
311 1608 377 1658 tam
404 1596 614 1682 questionem
641 1596 681 1664 de
707 1597 823 1664 officiis
846 1598 1015 1664 instituere
1040 1596 1157 1676 voluit,
1184 1618 1292 1682 quatu

217 1696 289 1760 vitae
312 1698 553 1766 conformandae
573 1718 730 1790 praecepta
755 1701 822 1770 titio
846 1701 987 1784 tradere,
1010 1723 1118 1788 neque
1136 1700 1293 1788 philoso-

215 1801 357 1888 phorum
376 1804 515 1870 diversas
530 1809 704 1874 sententias
718 1831 920 1897 comparare,
934 1807 991 1875 sed
1008 1830 1079 1894 quse
1092 1804 1152 1894 ipsi
1169 1807 1294 1893 proba·

215 1907 290 1974 bilia
306 1909 504 1994 viderentur,
521 1915 643 2002 aperire
654 1915 716 1994 sic,
731 1931 768 1978 ut
785 1915 972 2002 popularem
992 1931 1025 1977 et
1037 1913 1079 1976 ab
1096 1910 1292 1977 altercando

215 2013 351 2080 alienam
368 2019 628 2105 perspicuitatem
651 2037 749 2107 atque
770 2019 959 2108 elegantiam
981 2017 1112 2084 Panaetii
1128 2039 1292 2101 sequere-

217 2135 281 2202 lut,
301 2122 354 2186 cui
370 2121 410 2186 cd
423 2125 571 2210 quietum
584 2123 770 2211 disputandi
786 2147 904 2213 genus,
921 2146 1096 2212 rerumque
1112 2120 1292 2190 tradenda·

215 2247 289 2290 rum
314 2227 557 2316 amplitudinem
580 2229 697 2318 dialogi
723 2233 827 2296 forma
851 2231 960 2297 rninus
980 2230 1046 2294 visa
1069 2242 1151 2294 esset
1166 2249 1292 2294 convc-

216 2331 295 2398 nirc.
324 2334 396 2401 Hoc
421 2336 516 2402 etiarn
540 2335 660 2400 idcirco
684 2335 886 2402 monendum
917 2335 1044 2424 putavi,
1073 2332 1161 2421 quod
1193 2334 1291 2398 Frid.

215 2440 326 2529 Lielrg.
341 2443 520 2524 Beclterus,
538 2443 718 2512 Observatt.
741 2445 826 2510 critt.
852 2445 965 2532 Lipsiae
985 2441 1073 2531 apud
1097 2441 1291 2524 Barthium,

217 2569 292 2610 ann.
311 2549 405 2630 1808,
421 2573 453 2638 p.
473 2551 527 2631 48,
539 2551 678 2633 judicat,
699 2568 868 2640 propterea
882 2550 1071 2640 dialogicatu
1092 2551 1232 2614 formam
1250 2549 1290 2616 in

216 2653 266 2721 his
282 2653 371 2720 libris
392 2678 458 2724 nou
486 2657 658 2745 placuisse,
685 2656 775 2745 quod
800 2657 918 2746 dialogi
939 2656 1096 2746 elegantia
1119 2673 1221 2742 quum
1242 2656 1290 2722 ab

216 2764 306 2830 omui
316 2765 501 2832 Stoicorum
516 2769 683 2834 severitate
696 2768 899 2850 striccitate,
917 2785 987 2830 tum
1003 2763 1290 2849 aPanaetii,quem

215 2871 328 2936 Cicero
346 2890 504 2960 sequutus
521 2875 577 2956 sit,
593 2874 682 2942 libris
699 2871 740 2942 de
757 2873 879 2939 Officiis
902 2875 1005 2938 aliena
1021 2887 1115 2936 esset.
1134 2872 1175 2937 At
1194 2872 1288 2937 mul-

212 2994 281 3045 tum
302 2979 370 3046 haec
387 2981 552 3046 Ciceronis
571 2980 762 3068 disputatio,
781 3003 840 3044 nec
857 2982 966 3046 minus
982 3001 1081 3066 quern
1097 2977 1229 3042 Panaetii
1243 3026 1254 3060 ,
1267 3001 1289 3042 a

214 3084 398 3151 Stoicorum
415 3087 504 3152 locos
521 3086 619 3166 hujus
636 3086 763 3173 generis
780 3083 938 3150 tractandi
958 3085 1082 3150 ratione
1103 3081 1285 3169 discrepat:

213 3187 361 3276 splendet
374 3191 461 3254 enim
476 3190 826 3278 illccopia,ulrertate‚
844 3189 1089 3278 perspicuitate,
1106 3203 1204 3273 atque
1222 3187 1288 3252 ele-

211 3295 336 3385 gantia,
353 3296 514 3383 longeque
529 3296 681 3383 pauciora
700 3311 778 3360 sunt
794 3317 833 3360 ex
851 3294 965 3360 modiis
980 3293 1164 3358 Stoicorum
1179 3293 1286 3378 spinis

209 3401 423 3490 deprompta,
447 3423 545 3488 quam
566 3402 600 3470 in
620 3401 681 3464 illis
699 3399 927 3469 reoonditicris
946 3398 1102 3468 doctrinae
1117 3398 1286 3478 Quaestic-

210 3508 309 3574 nibus
331 3506 552 3588 Academicis,
569 3507 760 3572 Tusculanis
787 3522 820 3570 et
845 3507 879 3568 in
898 3505 987 3573 libris
1006 3504 1047 3570 dc
1062 3502 1208 3571 Finibus.
1232 3505 1285 3568 lta

209 3616 305 3682 etiam
318 3615 443 3684 facilius
451 3613 662 3695 judicabitur,
679 3635 776 3702 quam
791 3629 876 3678 recte
892 3629 967 3679 ante
979 3612 1156 3682 Becherurn
1177 3611 1286 3680 Schel-

210 3721 272 3784 lius
288 3721 321 3786 in
338 3722 440 3802 libro,
464 3743 560 3808 quem
581 3719 744 3808 inscripsit
760 3719 806 3786 W
803 3718 889 3790 clete
906 3718 972 3788 alte
992 3716 1164 3786 llassucte
1179 3717 1285 3792 Auto-

209 3850 266 3890 ren
292 3825 450 3894 soliman
475 3825 544 3912 asts
560 3825 695 3892 Scltuleu
719 3825 829 3892 Issou?
852 3825 992 3912 leipztffi
1020 3823 1122 3903 1804,
1155 3823 1219 3892 vol.
1250 3825 1283 3900 Ι,

208 3957 238 4021 p.
259 3931 336 4013 425,
351 3931 392 3998 de
408 3932 457 3999 his
476 3931 639 4000 Ciceronis
657 3931 746 3998 libris
765 3931 931 4010 statuerit,
949 3929 1131 4018 argumenti
1147 3928 1283 3995 uberta·

207 4057 272 4104 tem
288 4055 321 4104 et
331 4038 457 4126 copiam
476 4039 575 4104 fuisse
589 4038 763 4118 mojorem,
783 4059 880 4124 quam
895 4038 947 4104 cui
967 4059 1041 4102 cum
1060 4035 1217 4103 brevitate
1233 4057 1285 4100 ac·

207 4141 407 4212 commodari
425 4159 534 4230 posset
551 4143 654 4211 formu
673 4140 838 4230 dialogico.
912 4191 921 4206 .
