2770 4888
488 437 732 506 PRAEFA'l'lO.
1072 454 1144 500 xvu

97 552 243 642 scriptoris
262 553 502 643 philosophiam
526 554 772 644 doctrinamque
795 553 1017 620 illustrandam
1041 553 1142 644 perti·

98 672 197 740 neant,
210 679 276 722 non
296 659 408 722 omnia
428 660 586 724 continuo
604 661 638 723 in
657 661 770 748 quovis
792 658 1026 724 commentario
1040 657 1142 746 expli·

98 761 183 828 canda
197 786 281 846 csse,
307 764 364 828 sed
385 765 444 829 alia
470 787 537 830 non
560 767 623 832 uisi
643 766 755 831 leviter
774 767 887 856 attingi
904 781 1063 854 possunt,
1082 763 1142 828 alia

97 866 130 930 ad
152 867 356 960 diligentioris
382 870 531 955 lectoris,
556 874 607 937 vel
632 871 792 953 doctoris,
813 871 991 958 judicium,
1020 869 1141 935 autad

96 999 142 1040 eos
153 977 265 1061 libros,
286 980 342 1068 qui
356 996 502 1043 veterum
524 979 794 1070 philosophorum
815 978 929 1067 placita
948 999 1144 1065 persequun-

94 1095 151 1165 tur,
177 1085 225 1150 vel
256 1107 387 1150 morum
416 1084 596 1150 doctrinam
627 1109 757 1151 omnem
784 1085 950 1174 aperiunt,
976 1083 1140 1148 transmit·

93 1187 177 1251 tenda
199 1207 288 1256 sunt.
910 1197 915 1204 '

128 1293 330 1384 Quamquam
348 1297 381 1360 in
404 1319 443 1370 eo
460 1319 577 1387 genere
603 1295 809 1362 instituendae
831 1299 925 1361 varioe
948 1297 1140 1383 questiones

90 1415 171 1481 sunt,
186 1424 222 1464 ac
237 1403 490 1484 sententiarum,
508 1400 711 1468 decretorum
728 1420 761 1467 et
776 1416 1012 1491 praceptorum
1026 1402 1141 1466 veritas

90 1505 291 1591 exploranda,
307 1505 571 1596 videndumque,
588 1530 655 1596 quo
666 1508 739 1588 jure
757 1525 872 1572 auctor
886 1523 917 1572 et
932 1529 1029 1595 quam
1045 1523 1139 1571 natu-

89 1632 124 1672 rae
136 1614 363 1678 convenienter
374 1636 511 1702 quaeque
521 1615 674 1694 senserit,
691 1613 1051 1695 statuerit,judicaverit
1063 1637 1071 1676 :
1085 1630 1139 1695 ut,
1183 1615 1186 1622 ’

16 1761 22 1776 .
87 1718 222 1784 omnisne
241 1735 383 1806 quatuor
400 1720 481 1802 illis,
498 1741 578 1807 quas
594 1720 719 1807 posuit,
733 1719 878 1807 partibus
895 1719 1046 1802 honestas
1061 1742 1140 1783 con·

86 1821 238 1889 tinestur:
264 1849 305 1889 an
329 1827 459 1890 virtutis
480 1827 638 1914 cujusque
667 1825 831 1890 sufficiens
859 1827 900 1890 sit
923 1824 1084 1907 definitio,
1106 1841 1140 1889 et

86 1949 148 2012 quae
163 1947 239 1993 sunt
255 1931 383 2020 generis
400 1931 556 2011 ejusdem.
575 1933 624 1995 De
638 1932 759 2019 quibus
772 1947 804 1995 et
819 1930 915 2020 longa
934 1946 983 1994 est
999 1929 1139 2019 disputa-

7 2061 9 2074 ·
86 2032 124 2096 tio
138 2053 167 2099 et
183 2060 255 2124 quae
273 2038 315 2102 sit
334 2039 367 2100 in
390 2055 476 2102 tanta
500 2037 763 2127 disciplinarum,
780 2061 853 2126 quae
876 2037 982 2102 cilicia
999 2036 1138 2104 tradide-

85 2157 167 2224 runt,
182 2141 383 2226 diversitate,
402 2145 464 2208 nisi
484 2145 584 2209 totius
601 2145 698 2226 hujus
721 2146 783 2210 loci
800 2145 881 2208 ratio
903 2144 998 2208 altius
1015 2159 1138 2232 repeta-

86 2257 141 2327 tur,
165 2270 228 2311 nou
253 2249 298 2312 ita
321 2250 500 2316 multorum
521 2251 820 2340 comprobationem
839 2243 997 2314 habitura.
1014 2251 1136 2314 Verum

7 2395 9 2430 2
85 2353 193 2417 etiamsi
207 2355 355 2419 Ciceroni
371 2357 552 2421 Stoicorum
570 2373 728 2446 praecepta
740 2406 749 2439 ,
761 2357 1005 2443 Academiaeque
1022 2357 1138 2444 proba·

85 2455 148 2521 bilia
168 2462 383 2525 consectantis
407 2462 570 2526 licentiam
596 2463 807 2544 concesseris;
833 2461 942 2525 nescio
964 2479 1070 2526 tamen
1093 2483 1134 2524 an

83 2569 304 2632 sententiarum
344 2571 579 2650 constantiam,
624 2571 831 2659 partiumque
875 2569 1134 2661 explicandarum

7 2667 8 2716 l
82 2673 314 2758 aequabilitatem
338 2675 392 2738 hic
411 2674 474 2738 illic
496 2673 735 2740 desideraturus
755 2679 813 2758 sis,
829 2677 887 2740 alin
910 2675 1041 2764 quidem
1065 2695 1137 2740 sen·

82 2779 152 2844 tiens
170 2782 304 2864 omissa,
319 2781 377 2846 alia
396 2783 505 2848 minus
524 2783 691 2866 distincta,
706 2785 836 2848 brevius
853 2787 930 2864 alia,
948 2785 1007 2848 alia
1025 2785 1133 2848 multis

80 2887 219 2972 exposita.
241 2887 278 2949 ln
301 2909 368 2973 qno
387 2887 461 2950 satis
481 2889 521 2952 sit
533 2890 632 2953 semel
648 2889 812 2953 monuisse
830 2905 861 2952 et
873 2891 1026 2977 temporis
1041 2890 1133 2952 mise-

7 3017 9 3086 ,
79 2990 143 3072 riae,
156 3015 216 3080 qua
230 3017 265 3055 sc
281 2992 409 3075 Cicero,
420 3008 458 3055 ut
469 2993 510 3056 ad
522 2995 736 3082 pbilosophiae
749 2993 895 3057 studium
909 3011 1132 3078 reverteretur,

78 3093 243 3184 impulsum
259 3119 329 3162 esse
347 3095 424 3160 dicit
439 3096 516 3184 (lib.
535 3099 579 3178 ll,
601 3119 672 3186 cap.
698 3115 756 3162 ret
774 3097 813 3186 2)
835 3115 866 3162 et
886 3097 986 3162 lilarci
1002 3098 1075 3181 filii,
1092 3099 1132 3164 ad

78 3221 163 3285 quem
186 3202 329 3289 scripsit,
353 3202 455 3278 aetati,
480 3223 609 3289 suaeque
632 3203 814 3267 auctoritati
837 3203 944 3291 ipsum
969 3203 1131 3270 scribendi

77 3307 236 3370 consilium
258 3327 328 3368 esse
348 3304 640 3371 accommodatum.
659 3309 773 3395 ltaque
790 3309 919 3397 nequis
939 3309 1076 3374 miretur
1094 3333 1130 3374 ca

51 3437 53 3440 ·
77 3407 187 3492 officia,
218 3433 292 3498 quoe
316 3425 387 3474 tum
410 3409 604 3474 ridebantur
628 3434 645 3474 a
672 3413 833 3501 plerisque
858 3413 994 3503 negligi,
1026 3437 1130 3501 quum

76 3536 151 3579 unus
164 3518 276 3580 omnia
293 3517 389 3580 licere
407 3517 468 3580 sibi
490 3532 636 3604 putaret,
657 3518 790 3583 uberius
811 3521 981 3608 explicari,
996 3521 1131 3610 ejusque

76 3623 188 3705 generis
216 3622 292 3685 vitia
322 3621 428 3685 notari
451 3622 619 3704 acerbius,
649 3639 718 3687 tum
745 3648 797 3689 eas
823 3626 957 3691 virtutes
992 3629 1130 3694 maxime

77 3729 303 3810 commendari,
320 3751 400 3815 quas
419 3729 475 3816 qui
492 3746 651 3812 tueretur,
669 3731 719 3794 vir
743 3731 835 3796 fortis
851 3733 944 3821 isque
963 3733 1129 3819 evaderet,

7 3907 9 3930 .
77 3833 156 3911 cnjus
177 3856 274 3921 opem
297 3833 503 3920 potissimum
524 3851 607 3898 esset
627 3833 666 3898 ad
683 3836 916 3923 rempublicam
938 3859 1131 3906 conservan-

7 3939 9 3968 ‘
78 3933 138 3999 dam
152 3937 337 4002 necessaria.
357 3937 431 4002 Huc
444 3939 542 4026 igitur
558 3938 739 4003 revocanda
755 3956 803 4004 est
816 3944 884 4020 ejus
898 3941 960 4006 loci
974 3943 1128 4024 brevitas,

11 4057 14 4068 ·
79 4039 180 4129 inquo
201 4045 367 4133 sapientias
387 4067 423 4108 ac
447 4043 628 4132 prudentiae
650 4068 771 4109 munus
791 4048 948 4131 cernitur,
970 4052 1128 4120 veridico

7 4161 8 4204 1
79 4143 320 4236 indagationem,
333 4149 455 4239 quippe
471 4174 544 4238 quae
557 4152 598 4216 ab
617 4151 743 4241 agendo
760 4155 963 4244 negotiisque
975 4159 1130 4246 reipubli-
