2770 4888
257 397 323 490 xvj
592 395 710 467 nou
734 397 952 470 nonnosus

262 528 349 610 viat,
362 527 412 594 tol.
424 533 488 590 Bes.
498 529 589 604 1564,
605 530 656 590 sol.
667 529 760 604 1563,
774 533 890 594 lolnec.
902 532 964 592 col.
975 529 1066 605 1688,
1079 530 1131 590 tol.
1144 529 1276 590 loannis
1288 532 1339 591 Sa·

259 635 456 711 montensis,
468 637 548 716 epod
559 641 702 698 Carnutes
715 659 780 698 sec.
796 644 856 701 ΧΗ
875 639 1020 720 episcopi,
1033 639 1247 716 Polycratioo,
1264 639 1340 716 cnjus

259 743 325 804 edd.
339 743 518 823 (plerasque)
531 743 642 803 indicat
653 744 759 817 Ebert,
769 767 798 806 n.
814 747 925 816 10816,
940 766 1001 824 seq.
1014 759 1046 806 et
1059 744 1188 806 Albano
1209 743 1251 804 ab
1264 743 1341 821 Eyb,

259 848 357 926 cujus,
371 850 484 930 optimo
497 849 557 910 Cic.
569 847 648 909 libro
658 851 717 924 usi,
730 853 891 930 Margedta
901 851 1017 930 metica
1030 849 1165 911 Norimhn
1181 857 1282 924 1472,
1297 849 1344 906 lol.

261 959 346 1016 Rom.
361 954 453 1029 ¹l752
473 955 523 1016 fol.
535 955 622 1014 Basil.
640 956 729 1034 1495,
746 955 840 1030 1502,
853 955 903 1015 fol.
919 970 949 1016 et
966 957 1068 1036 sepius
1080 957 1230 1035 impressa
1243 967 1299 1014 est.
1312 959 1343 1012 ln

228 1095 233 1120 ι
259 1063 361 1142 primis
371 1061 448 1123 bene
462 1063 583 1123 meritus
596 1077 640 1124 est
650 1069 728 1124 Llll.
738 1069 827 1124 Heus.
838 1065 867 1122 in
879 1063 1111 1144 interpretando,
1120 1063 1205 1122 Frid.
1215 1064 1251 1122 in
1266 1074 1344 1120 textu

260 1169 473 1230 constituendo.
493 1169 634 1248 Idemque
649 1171 757 1249 passim
774 1171 899 1229 intexuit
917 1170 1077 1250 exquisitas
1096 1169 1174 1229 obss.
1195 1170 1240 1228 ad
1262 1187 1344 1227 usum

259 1276 400 1358 loquendi
416 1277 556 1356 exemplis
576 1277 790 1357 explicandum.
804 1283 840 1337 In
852 1278 899 1342 od.
913 1277 1241 1338 micwolleobuttelae
1257 1277 1344 1348 ¹7⁸l2

224 1428 226 1432 .
261 1383 383 1470 indnet
397 1381 468 1443 edit.
482 1384 576 1442 altere
590 1385 759 1463 Brunsvigas
774 1397 895 1464 sumptu
907 1384 1066 1444 Reichardi
1081 1385 1173 1460 1820,
1197 1404 1256 1464 pp.
1273 1383 1343 1451 483,

260 1488 342 1557 iss-8,
356 1508 393 1548 ex
411 1508 470 1547 rec.
488 1492 513 1548 J.
528 1494 573 1548 M.
586 1501 615 1548 ct
631 1493 657 1548 J.
674 1494 706 1548 F.
719 1491 877 1568 Heusingg.
894 1490 992 1570 patrui
1006 1489 1127 1569 majoris
1139 1503 1170 1549 et
1185 1485 1343 1568 patrissui

259 1591 425 1654 animadvv.
445 1593 571 1652 scholar.
596 1593 696 1654 visibus
720 1593 953 1654 accommodavit
977 1599 1065 1653 Cone.
1088 1595 1280 1674 Heusinger,
1305 1591 1344 1650 ita

259 1699 395 1778 quidem,
412 1711 461 1772 ut,
475 1701 590 1761 selectis
604 1700 767 1760 animadvv.
781 1702 954 1781 exegeticis,
971 1703 1101 1761 omiserit
1121 1703 1257 1762 criticas.
1276 1698 1339 1759 nd-

258 1807 327 1880 ditve
339 1822 407 1868 suot
423 1821 481 1868 tres
494 1807 601 1868 tabulae
612 1809 805 1891 genealogice
819 1809 1005 1888 degentibus
1017 1809 1205 1888 Scipionum,
1221 1807 1340 1868 Mucio-

260 1933 327 1972 rum
343 1927 373 1972 et
389 1919 569 1974 Crassorum.
591 1915 649 1975 Sed
670 1917 758 1974 Conv.
772 1919 861 1974 Heus.
877 1915 976 1993 priore
991 1933 1069 1973 anno
1087 1917 1149 1974 vita
1165 1915 1341 1985 defunctos,

261 2021 292 2078 in
310 2020 439 2079 curanda
457 2020 503 2079 ed.
519 2023 626 2094 altem,
638 2021 700 2098 jam
714 2033 781 2080 ante
796 2043 841 2080 xu
856 2020 911 2080 hos
927 2023 1095 2080 annosiore
1112 2034 1175 2080 tota
1192 2022 1275 2101 typis
1290 2038 1342 2077 ex-

260 2127 386 2204 scripta,
404 2125 511 2184 deinde
529 2133 598 2205 post
618 2127 738 2205 longum
758 2128 898 2206 temporis
918 2127 1107 2186 intervallum
1122 2127 1277 2199 absolute,
1299 2143 1340 2182 re

260 2230 440 2292 centiovibus
455 2245 506 2290 aut
522 2231 588 2290 edd.
601 2245 652 2290 out
665 2231 728 2290 aliis
744 2231 882 2291 subsidiis
897 2233 942 2292 uti
953 2254 1014 2292 non
1029 2233 1132 2312 potuit.
1145 2234 1227 2292 Huic
1242 2243 1340 2292 sutem

258 2338 291 2397 in
310 2337 412 2416 polone
430 2351 514 2416 parte
537 2337 693 2396 maximam
714 2351 828 2416 partem
846 2350 996 2412 notarum,
1018 2340 1049 2397 in
1069 2340 1238 2418 posteriore
1258 2353 1339 2417 paene

259 2435 360 2504 omnes
377 2441 465 2502 debet
484 2441 530 2502 ed.
548 2463 615 2502 cum
633 2442 749 2504 delectu
763 2447 1040 2504 commentariorum
1058 2446 1088 2505 in
1100 2445 1268 2522 juventutis
1279 2463 1338 2522 gra-

261 2551 346 2624 tiam,
366 2551 446 2629 Lips.
461 2550 540 2629 apud
555 2551 645 2611 Grael'.
664 2570 757 2626 1790,
773 2552 851 2627 iud,
871 2574 883 2609 1
898 2550 991 2611 thal.»

301 2743 335 2814 ²⁸⁰
348 2747 411 2801 «Μ.
420 2746 454 2801 Τ.
471 2743 619 2802 Ciceronis
637 2742 675 2801 de
696 2743 809 2802 Officiis
824 2742 895 2801 libri
909 2757 978 2804 tres.
990 2746 1149 2804 Rcceosnit
1167 2758 1197 2804 et
1215 2743 1336 2806 scholiis

258 2857 318 2911 lac.
340 2851 498 2910 Faoclolatl
518 2850 635 2929 suisque
656 2850 959 2911 animadversionibus
982 2853 1120 2912 instruxit
1137 2861 1208 2930 Aug.
1235 2851 1336 2916 Gotth.

259 2956 424 3018 Gennha'nd.
447 2957 526 3036 Lips.
548 2955 628 3036 apud
653 2956 743 3015 Gerh.
766 2956 963 3017 lleisolvemm
981 2958 1045 3036 jun.
1067 2959 1153 3033 1811,
1177 2959 1248 3020 iu-tt
1269 2955 1335 3034 maj.

260 3085 325 3144 pag.
339 3085 439 3136 xxxn,
456 3065 527 3135 464,
547 3085 563 3121 n
580 3063 649 3124 thal.
664 3073 682 3134 4
700 3085 761 3144 gr.-

299 3197 312 3224 α
325 3172 424 3230 Editio
438 3171 684 3244 emendatissima,
699 3184 781 3230 textu
802 3173 897 3251 perite
920 3185 949 3232 et
974 3186 1058 3232 cante
1078 3173 1256 3247 constituto,
1273 3189 1335 3251 que

259 3275 368 3335 horum
382 3275 454 3335 libb.
465 3275 621 3335 lectionem
638 3276 850 3356 expeditiorem
866 3277 995 3337 reddidit
1009 3279 1198 3358 studiumque
1212 3277 1334 3360 adjuvit.

257 3387 334 3442 Nam
349 3382 408 3442 Cel.
424 3381 536 3441 Gemh.
551 3403 611 3442 non
624 3384 717 3441 solum
730 3385 843 3455 omnia,
858 3385 964 3462 quibus
980 3387 1160 3446 Faceiolatus
1174 3387 1232 3445 hoc
1252 3387 1335 3447 Cice-

258 3491 339 3550 voois
353 3510 428 3570 opus
441 3490 633 3562 instruxerat,
652 3491 786 3569 repetiit3
800 3490 869 3564 sed,
884 3511 948 3572 qnae
962 3492 1009 3552 hic
1021 3513 1095 3572 saepe
1108 3493 1228 3552 brevius
1242 3493 1334 3552 nullo

258 3617 316 3674 que
344 3609 495 3656 auctorum
525 3615 740 3674 causarumque-
761 3595 870 3656 iodicio
895 3598 1166 3672 animadvertisset,
1190 3612 1332 3677 qnantum

260 3702 371 3781 'ubique
389 3706 560 3774 interesset,
585 3703 699 3762 erudite
721 3717 750 3762 et
769 3702 921 3763 commode
939 3705 1069 3783 explevit
1088 3717 1139 3764 aut
1159 3705 1330 3786 castigavit:

259 3827 368 3886 eaque,
393 3830 457 3888 quae
483 3809 623 3888 cujusque
650 3807 706 3867 loci
733 3822 838 3868 natura
862 3829 895 3867 ac
923 3810 968 3868 sui
990 3809 1118 3869 instituti
1142 3811 1236 3890 (cujus
1262 3813 1331 3870 linos

258 3915 349 3993 ipsius
364 3914 462 3974 verbis
477 3917 508 3974 in
524 3916 607 3974 Praef.
626 3929 646 3974 t.
660 3919 685 3988 1,
701 3935 767 3994 pag.
789 3936 821 3974 xv
841 3916 962 3994 (nostrae
976 3935 1047 3976 vero
1062 3916 1133 3975 edit.
1151 3938 1181 3996 p.
1195 3926 1266 3990 xxv)
1276 3919 1329 3978 de-

257 4019 436 4100 scripsimus)
451 4023 526 4081 ratio
538 4023 668 4102 flagitare
682 4021 847 4092 videretur,
863 4037 945 4083 vecto
957 4023 1070 4102 judicio
1082 4043 1167 4098 usus,
1189 4024 1328 4104 subjecit,

256 4129 345 4189 modo
356 4129 501 4209 adoptatae
513 4132 645 4190 lectionis
656 4129 840 4211 probabilem
851 4134 995 4192 rationem
1008 4131 1148 4206 reddens,
1164 4132 1253 4193 modo
1266 4153 1326 4213 gro·
