2770 4888
424 443 734 516 PRAEMONITIO.
1041 447 1119 535 κνᾷ

55 579 140 636 riores
150 577 339 638 difficultates
350 579 508 658 explicans,
521 579 710 657 conjecturas
725 579 857 658 quamvis
871 579 1019 658 ingeniose
1031 600 1116 660 saga·

55 684 174 762 citerque
195 685 376 763 excogitatas
398 684 535 764 ampliori
548 685 692 744 lectorum
711 684 837 742 examini
858 683 997 761 subjecit,
1017 685 1118 764 paucis

56 803 173 864 tantum,
197 811 262 870 quae
283 791 347 849 veri
366 792 463 869 specie
480 789 706 862 blandirentur,
726 791 757 848 in
785 802 897 848 tentum
921 792 1053 870 receptis.
1081 795 1116 850 In

54 900 176 954 Excursu
198 896 386 975 grammatico
407 896 584 955 anacolutha
606 897 636 954 in
659 897 704 956 his
725 895 754 954 ll.
774 893 920 954 subtiliter
935 895 1078 976 expedit(
1098 895 1118 976 ).

54 1003 193 1081 Denique,
208 1017 403 1082 praeterquam
418 1003 498 1082 quod
515 1003 580 1064 edd.
597 1015 667 1062 vett.
679 1003 818 1082 quasdam
833 1004 955 1062 contulit
971 1020 999 1062 et
1011 1021 1118 1082 paucas

54 1111 136 1168 uenit
153 1109 375 1169 emendationes
391 1110 517 1170 ineditas
533 1110 669 1184 inseruit,
692 1111 722 1168 in
744 1111 823 1169 calce
846 1111 983 1190 apposuit
1002 1129 1118 1170 omnem

53 1217 213 1274 varietatem
227 1215 362 1274 lectionis
371 1217 461 1275 trium
472 1216 559 1276 codd.
572 1235 631 1275 non
643 1237 709 1276 cum
720 1236 789 1287 sua,
802 1217 854 1276 sed
868 1234 935 1275 oum
946 1216 1057 1277 Oliveti
1067 1217 1114 1278 ed.

54 1321 240 1392 collatorum,
257 1339 287 1391 t,
300 1321 351 1399 qui
364 1326 407 1395 ll,
428 1339 457 1399 p.
471 1323 522 1394 32,
535 1342 578 1380 vs.
591 1321 624 1396 5,
643 1321 763 1394 desinit,
779 1353 814 1404 p,
839 1332 885 1394 et,
899 1323 951 1400 qui
969 1323 1119 1400 aliquanto

55 1439 176 1503 prestat,
187 1437 205 1506 ψ
217 1425 335 1505 collegii
344 1425 538 1499 Balliolensis,
553 1425 759 1506 depromptam
768 1427 846 1496 illam
859 1448 896 1486 ex
910 1427 980 1486 edit.
992 1433 1089 1488 Oxon.
1100 1449 1117 1488 e

55 1545 161 1612 typogr.
175 1532 357 1606 Clarendon,
379 1533 469 1606 1783,
492 1533 565 1605 int,
586 1553 651 1612 quae
665 1533 812 1592 Olivetum
833 1533 864 1592 in
883 1534 1018 1593 omnibus
1038 1535 1118 1608 fere,

54 1654 167 1719 excepta
187 1639 440 1719 interpunctione,
464 1640 606 1717 sequitur.
627 1639 695 1700 vid.
710 1637 817 1714 libert,
841 1661 870 1698 n.
892 1641 978 1714 4²7⁸·
1001 1641 1121 1700 Notavit

55 1743 114 1802 illos
127 1719 213 1804 codd.
228 1743 409 1803 Christianus
426 1745 501 1802 Dan.
517 1741 607 1817 Beck,
624 1741 671 1802 uir
689 1745 807 1822 magnis.
821 1763 968 1824 equesque
984 1745 1119 1819 illustris,

54 1851 82 1906 in
94 1852 151 1910 Cic.
163 1855 242 1930 Opp.
259 1852 515 1930 vol.11,pag.ms1
529 1863 558 1908 et
572 1863 650 1908 nxvr.
661 1851 729 1910 Fuit
743 1865 839 1909 nutem
852 1851 963 1910 Gernh.
976 1871 1014 1911 ne
1028 1853 1058 1910 in
1071 1851 1118 1911 sni

55 1959 165 2035 quidem
186 1958 347 2019 Faccioltti
368 1957 546 2018 lectionibus
568 1955 731 2016 referendis
755 1959 825 2016 satis
846 1958 936 2032 fidus,
958 1973 993 2018 ut
1008 1963 1040 2032 1,
1061 1960 1117 2032 do,

55 2083 114 2142 pag.
132 2086 197 2138 rar,
212 2063 265 2123 ubi
279 2064 352 2122 falso
366 2062 472 2136 refert,
489 2063 686 2124 Facciolatum
707 2063 837 2124 omisisse
856 2085 901 2124 vv.
916 2064 1002 2142 «ejus
1022 2071 1118 2124 autem

55 2170 194 2230 vinculum
206 2184 251 2230 est
262 2196 283 2228 υ.
298 2172 337 2229 At
351 2169 400 2228 ille
418 2169 538 2228 retinuit
553 2189 581 2228 v.
597 2169 769 2230 «vinculum
779 2197 799 2230 ».
813 2171 908 2230 Alium
925 2191 1055 2231 errorem
1069 2185 1120 2231 not

58 2277 174 2335 tacimus
184 2281 214 2348 1,
228 2295 296 2354 pag.
312 2273 384 2342 διο,
398 2295 427 2332 n.
442 2293 459 2331 a
476 2285 553 2332 extr.
567 2277 672 2354 Neque
686 2277 850 2334 accuratior
864 2277 920 2336 iuit
935 2277 967 2335 in
981 2277 1028 2337 ed.
1041 2277 1120 2357 Lips.
1209 2287 1213 2298 ’

55 2382 232 2440 conserenda.
244 2407 257 2433 ν

91 2545 122 2600 5⁰
136 2571 148 2596 a
161 2538 243 2604 Mssr‘.
258 2541 409 2602 Ciceronis
431 2540 468 2599 de
487 2541 601 2602 Ot'ticiis
621 2541 690 2601 libri
711 2555 769 2602 tres
791 2542 827 2600 ad
847 2533 1120 2621 probatissimorum

56 2670 230 2730 quorumque
252 2653 464 2732 exemplarium
482 2649 568 2726 fidem
593 2648 757 2718 emendati,
782 2660 811 2707 et
827 2669 892 2708 cum
908 2650 1122 2708 commentariis

55 2754 117 2813 editi
129 2778 145 2814 a
159 2757 265 2817 Carolo
280 2759 398 2826 Beiero,
412 2756 485 2835 phil.
496 2757 573 2834 prof.
591 2775 615 2814 e.
632 2754 661 2812 d.
675 2755 753 2834 Lips.
771 2767 800 2813 et
816 2759 886 2830 Reg.
903 2758 970 2814 Sar.
985 2753 1119 2814 Semina-

57 2861 87 2916 rii
103 2862 271 2941 philologici
288 2861 381 2921 sodali
394 2861 566 2920 honorario.
585 2864 614 2918 11
634 2861 714 2918 tomi.
730 2859 894 2940 (Accedunt
907 2863 1053 2919 Excursus
1069 2877 1121 2928 ao,

57 2963 186 3026 lectiones
198 2973 252 3028 MS
264 2967 432 3040 Bemensis‚
444 2967 537 3026 index
551 2965 716 3025 editionum
730 2978 760 3023 et
772 2965 939 3024 versionum
954 2965 1122 3044 locupletis-

57 3069 145 3130 simus.
164 3076 278 3132 Desunt
295 3069 455 3131 verborum
475 3069 608 3144 Indices,
629 3069 682 3148 qui
708 3081 806 3127 tumen
829 3069 965 3148 promissi
985 3069 1122 3142 fumant.)

57 3175 162 3255 Πρωὶ,
172 3175 339 3256 sumptibus
348 3177 527 3238 Steineckeri
539 3191 568 3236 et
578 3175 735 3253 Wagneri,
756 3175 860 3262 idaco

258 3465 309 3534 IN
334 3461 514 3532 LIBRUM
539 3461 601 3530 DE
625 3459 901 3530 SENECTUTE.

97 3695 139 3761 ln
159 3686 255 3760 libro
281 3686 327 3759 de
351 3690 559 3776 Senectute,
584 3684 680 3756 haud
703 3709 806 3756 secus
827 3709 869 3756 ac
891 3685 929 3754 in
950 3682 1051 3754 libris
1070 3683 1116 3756 de

58 3810 207 3900 Officiis,
231 3809 434 3882 Gernhardi
459 3810 687 3908 potissimum
711 3811 857 3905 sequuti
887 3821 1011 3932 sumus
1042 3805 1116 3879 edi-

88 4089 122 4154 (r)
136 4091 215 4152 Quen
227 4091 382 4147 Eunomo,
393 4088 541 4154 typographi
556 4103 639 4138 errore
653 4086 739 4136 Bciero
752 4084 814 4134 laiso
827 4085 962 4146 tributum,
974 4084 1028 4152 lege
1038 4085 1113 4144 inira,

59 4199 107 4247 1³⁸5·
114 4201 161 4233 ¹¹¹
174 4199 243 4248 still·

121 4284 179 4352 Vl.
208 4295 256 4345 cic.
265 4309 326 4362 pm
339 4294 415 4343 tertia
957 4297 977 4342 B
