2770 4888
447 434 693 505 PRAEFATIO.
1011 459 1108 506 xxru

57 557 123 625 bold
133 557 212 624 llatb
223 555 367 646 (1803),
390 555 492 640 benc,
517 559 637 622 Batavo
652 557 698 621 illi
713 577 757 622 ne
771 557 935 648 cognitam
952 557 1106 648 quidem,

58 683 160 733 nostre
169 665 304 732 editioni
314 663 563 730 accommodare
575 665 640 750 sic,
654 681 694 731 ut
707 665 850 750 tabulas,
867 667 902 730 iu
920 668 1040 756 quibus
1051 669 1106 734 ille

58 771 231 864 Hertsiugeri
253 771 433 837 editionem
450 788 609 860 sequutus
629 773 751 856 fuerat,
770 773 956 863 compendii
976 795 1106 839 causae

56 880 135 944 lineis
158 901 382 944 revocaremus
407 875 449 942 ad
473 901 630 943 numeros
653 895 686 942 et
712 879 839 961 literas,
856 869 967 944 multis
991 881 1110 970 partim

55 1001 174 1075 propter
183 987 270 1050 benc
285 984 390 1073 ipsam
403 1008 472 1050 rem
489 986 675 1050 necessariis
691 985 928 1052 mutationibus
945 987 1047 1052 lactis.
1064 987 1113 1051 Ex

56 1092 107 1157 bac
120 1093 204 1158 enim
223 1091 458 1180 descriptione,
476 1114 573 1179 quam
591 1092 807 1180 Epitomator,
826 1108 864 1157 ut
879 1092 948 1181 ipse
963 1091 1026 1173 ait,
1041 1115 1110 1158 non

55 1201 114 1264 sinc
127 1221 240 1288 magna
258 1219 358 1286 opera
373 1197 532 1280 confecit,
550 1219 648 1285 quarn
667 1197 817 1263 facillime
835 1197 974 1288 perspici
988 1213 1112 1288 potest,

57 1329 133 1394 aqua
145 1305 185 1370 de
199 1327 237 1369 re
249 1321 382 1394 agatur;
399 1327 467 1392 quo
486 1300 603 1368 ordine
622 1305 776 1393 expositus
789 1305 856 1368 sint
872 1327 941 1390 res;
964 1303 1119 1394 quemad·

57 1409 179 1478 modum
198 1411 385 1475 cohaereant
399 1409 487 1474 iuter
502 1431 556 1491 se,
584 1431 658 1498 que
681 1407 798 1474 divisio
814 1411 915 1474 totius
941 1411 1015 1475 sit».
1035 1409 1119 1494 Qum

57 1533 195 1606 quatuor,
209 1516 238 1580 si
252 1537 382 1606 semper
397 1531 473 1580 ante
487 1515 601 1578 oculos
616 1529 797 1596 versantur,
820 1537 1018 1606 magnopere
1040 1515 1119 1580 faci-

56 1621 157 1687 liorem
171 1622 248 1686 libri
266 1621 425 1709 cujusque
441 1619 686 1710 intelligentiam
701 1635 798 1709 atque
815 1619 995 1687 difficillimi
1011 1623 1121 1705 cujus-

57 1751 111 1816 que
124 1729 185 1794 loci
203 1728 506 1817 interpretationem
526 1723 689 1808 adjurant.
703 1726 927 1816 Proetereaque
946 1751 987 1792 ex
1004 1728 1120 1793 eadem

57 1837 186 1923 epitome
198 1833 323 1899 discere
336 1845 403 1916 est,
415 1831 611 1920 quibusnam
627 1831 725 1898 rebus
736 1832 850 1897 Cicero
866 1833 1058 1900 immoratus
1070 1834 1121 1916 sit,

58 1963 127 2030 quas
148 1940 332 2006 tractaverit
354 1938 533 2020 subtiliter,
552 1959 633 2028 quas
656 1938 835 2030 neglexisse
856 1937 1018 2020 videatur,
1042 1961 1123 2028 quas

57 2069 157 2112 rerum
174 2047 327 2112 notiones
341 2044 469 2134 egregie
481 2043 682 2126 dilucidarit,
698 2065 771 2132 que
790 2043 824 2107 in
842 2043 913 2124 ejus
931 2061 1042 2110 mente
1060 2046 1123 2110 ob-

58 2175 148 2218 scure
163 2154 264 2218 fuisse
278 2151 459 2216 videantur.
479 2148 629 2216 Indidem
644 2167 796 2241 apparet,
808 2172 907 2240 quam
926 2152 1066 2217 absurda
1081 2153 1124 2220 sit

59 2261 201 2324 solemnis
226 2259 372 2348 capitum
395 2256 512 2322 divisio
538 2271 570 2320 et
601 2256 881 2345 quemadmodum
908 2257 1120 2326 instituenda.

59 2365 171 2432 Vemm
192 2366 283 2431 enim
305 2385 399 2446 vero,
424 2379 462 2428 ut
488 2363 553 2428 boc
578 2379 667 2428 recta
691 2365 857 2430 monuerit
889 2367 996 2450 llsth,
1026 2369 1121 2432 r'eriti

61 2487 158 2538 tamen
181 2492 316 2555 sumus,
333 2467 499 2536 mutandis
514 2469 693 2560 capitibus,
715 2485 754 2534 ut
770 2469 903 2560 quidam
919 2473 1058 2538 aliorum
1082 2473 1123 2538 li-

61 2577 187 2644 brorum
201 2579 343 2644 editores
357 2577 500 2667 pessimo
515 2577 685 2666 exemplo,
704 2577 856 2643 exsistere
875 2595 1025 2646 auctores
1048 2603 1124 2646 con·

62 2683 187 2750 huonis
224 2681 355 2749 buurar.
389 2679 604 2746 Distinximus
631 2681 742 2771 potius
774 2689 874 2749 noras
899 2707 951 2750 res
968 2684 1122 2775 ’,diductis

61 2791 160 2858 literis.

98 2897 297 2964 luseruimus
307 2895 403 2959 etiam
414 2891 474 2957 ulia
492 2891 641 2981 quedam
656 2893 876 2959 memorabilia
893 2917 912 2960 e
926 2895 1042 2962 libellis
1056 2899 1123 2962 sin·

61 3005 242 3095 gularibus,
262 3021 404 3091 quorum
421 3021 490 3064 non
507 2999 661 3065 omnibus
684 2999 808 3089 ubique
830 3001 923 3090 copia
944 3002 1015 3068 lore
1034 3003 1123 3068 ride·
1247 3029 1251 3035 ·

63 3128 161 3195 retur,
188 3109 282 3198 ipsis,
297 3122 468 3196 ,quatem
487 3103 700 3170 commodum
721 3105 803 3200 fuit,
824 3123 996 3174 auctorum
1016 3113 1124 3180 verbis

63 3217 195 3280 senatis
212 3213 290 3278 Nou
307 3213 395 3277 enirn
407 3209 597 3275 imitandam
613 3208 765 3276 duximus
782 3233 898 3277 eorum
914 3220 1125 3285 consuetudi-

62 3345 131 3387 nem
141 3371 151 3406 ,
163 3321 240 3411 qui,
255 3341 300 3384 ne
311 3318 433 3383 scilicet
443 3316 581 3382 aliorum
597 3317 782 3407 pedissequi
792 3317 990 3406 viderentur,
1003 3328 1123 3414 passim

61 3428 215 3494 contrarie
233 3425 417 3491 retulerunt
431 3423 488 3506 iis,
504 3445 576 3513 que
589 3423 678 3512 apud
691 3425 779 3514 ipsos
795 3443 943 3493 auctores
959 3432 1125 3517 reperiun-

63 3537 134 3598 tur':
151 3554 250 3624 quam
275 3531 408 3595 illorum
430 3528 582 3594 fraudem
604 3530 720 3618 saepius
746 3530 883 3596 notandi
901 3531 1126 3604 habuissemus

62 3641 197 3704 etnam.
216 3637 381 3723 Pnocipue
405 3657 483 3699 vero
511 3635 572 3698 hos
594 3637 845 3701 commentarios
871 3639 963 3724 qussi
987 3645 1125 3729 gemmis

65 3743 253 3834 quibusdam
269 3741 456 3806 omonimus
479 3740 660 3804 Hermenni
681 3741 977 3842 obscurationibus,
1004 3769 1126 3839 propo.

64 3853 127 3916 sitis
143 3851 359 3938 in‘bdp‘zr'ger
370 3847 550 3911 Literatur·
560 3845 756 3934 Zer'tungen,
773 3846 873 3929 18'12,
888 3869 920 3913 n.
940 3871 979 3914 ra
993 3874 1041 3941 sq.
1057 3855 1126 3923 Nec

66 3953 305 4022 incommodum
320 3953 449 4035 fuisset,
462 3953 572 4041 plura,
589 3973 664 4041 qum
675 3949 718 4016 ad
731 3951 1030 4041 interpretationem
1048 3959 1128 4027 face-

67 4081 150 4146 rent,
169 4057 423 4151 eruperioribus
440 4057 638 4124 editionibus
649 4069 812 4147 repetere,
826 4079 945 4148 quum,
958 4065 1015 4152 qui
1034 4085 1128 4135 notas

68 4168 255 4259 inspiciunt,
274 4181 314 4231 ut
326 4161 448 4253 aliquid
462 4163 539 4230 inde
553 4163 731 4245 adjumenti
745 4181 874 4255 petant,
892 4165 927 4232 hi
944 4169 1012 4235 fere
1028 4176 1131 4240 rario-

960 4273 993 4348 b.
