2770 4888
235 419 281 464 xx
479 393 584 462 AUG.
606 394 771 468 GOTTH.
790 395 1060 468 GERNHARDI

234 533 306 581 ctus
320 531 386 597 est,
404 515 538 602 ejusque
561 516 810 583 consociationis
833 518 934 581 multa
955 531 1048 598 sunt,
1070 516 1131 580 alia
1158 515 1230 580 aliis
1254 541 1309 580 ar·
1378 535 1381 542 ’

234 622 353 703 ctiora,
371 621 513 704 vincula3
530 621 584 686 illa
599 652 612 677 ι
625 621 804 687 honestatis
820 620 927 686 officia
944 621 986 686 ad
1002 644 1167 698 summum
1191 622 1310 686 huma·

233 750 284 790 nae
316 726 475 792 societatis
506 725 636 792 tuendae
666 726 881 815 jurandasque
917 727 1090 792 consilium
1121 726 1309 791 revocanda

233 848 352 913 suntn,
374 848 414 898 ut
438 831 482 896 ita
505 833 640 898 virtutes
663 833 878 922 appellentur,
897 834 922 898 si
940 831 1204 922 complectuntur
1230 855 1309 913 eos,

232 939 428 1026 quibuscum
442 940 593 1004 societate
607 939 802 1020 conjunctus
819 961 862 1004 es.
879 939 916 1004 ld
934 962 1037 1027 quum
1048 939 1174 1018 justitia
1192 962 1256 1026 per
1274 960 1310 1002 se

230 1060 459 1132 consequatur,
479 1043 570 1109 litut
589 1045 658 1108 hauc
679 1045 787 1110 virtus-
799 1045 948 1113 omnium
972 1045 1123 1132 princeps
1146 1044 1197 1108 sit.
1213 1043 1309 1108 Reli-

231 1172 304 1237 quae
315 1167 425 1215 autern
436 1150 615 1214 honestatis
632 1167 759 1239 partes,
781 1149 973 1238 prudentia,
989 1148 1149 1218 fortitudo
1165 1172 1204 1213 ac
1218 1165 1309 1212 tem·

231 1257 392 1344 perantia,
409 1278 481 1343 quae
499 1257 534 1321 in
549 1278 583 1320 se
598 1256 676 1344 ipsis
691 1272 864 1322 vertuntur
880 1272 913 1319 et
929 1278 1033 1344 perse
1047 1254 1178 1344 quidem
1193 1255 1310 1318 viden·

231 1377 285 1426 tur
305 1362 415 1426 minus
436 1362 598 1450 pertinere
618 1361 659 1426 ad
676 1363 848 1426 hominurn
867 1357 1072 1454 societatem,
1084 1359 1200 1425 eodem
1218 1363 1309 1426 refe·

230 1467 339 1532 rendas
355 1484 442 1533 sunt.
461 1470 575 1555 Itaque
593 1485 630 1534 ut
647 1491 697 1533 res
713 1469 864 1532 honestas
885 1485 918 1533 et
933 1469 1028 1532 utiles
1047 1467 1189 1556 cogitare
1203 1491 1308 1555 agen·

231 1571 330 1660 dique
343 1574 427 1637 riam
440 1573 625 1662 prospicere
641 1573 821 1663 prudentiae
838 1597 959 1638 munus
980 1589 1043 1660 est3
1062 1573 1108 1636 sic
1123 1571 1308 1648 fortitudo,

231 1702 273 1743 ne
284 1679 391 1744 feritas
404 1677 476 1761 fiat,
488 1681 612 1769 patriae,
627 1681 807 1746 amicorum
818 1697 851 1744 et
862 1680 1117 1744 necessariorum
1128 1678 1309 1742 commoda

231 1787 404 1854 defendet:
422 1789 634 1876 temperantia
655 1805 764 1855 autem
788 1788 932 1868 cavebit,
956 1810 998 1852 ne
1014 1786 1141 1875 pulchri
1156 1785 1309 1848 honesti·

230 1915 294 1980 que
311 1917 441 1958 sensum
459 1895 596 1958 aliorum
613 1894 774 1975 offendat,
793 1893 881 1958 etita
898 1916 1004 1957 mores
1019 1890 1189 1980 lingendus
1206 1907 1309 1978 puta·

230 1999 295 2081 bit,
316 2016 353 2064 ut
368 2001 567 2088 reliquorum
584 2001 702 2066 habeat
715 2000 1028 2088 comprobationem.

274 2122 337 2187 Sed
364 2123 519 2211 quoniam
548 2124 580 2186 in
609 2124 790 2210 posteriore
814 2122 997 2186 officiorum
1026 2143 1144 2211 genere
1176 2121 1308 2184 accedit

229 2230 326 2293 etiarn
344 2229 557 2312 jucunditatis
584 2229 724 2316 species3
744 2229 890 2294 utilitatis
907 2227 1014 2305 officia
1030 2225 1164 2291 rationis
1180 2249 1307 2312 praece·

229 2336 291 2423 ptis
310 2329 454 2398 secundo
471 2335 555 2398 libro
569 2336 615 2398 sic
628 2335 885 2414 constituuntur,
903 2350 957 2414 ut,
977 2334 1131 2422 quoniam
1149 2331 1307 2396 homines

228 2440 417 2506 hominibus
439 2441 615 2528 plurimum
644 2442 770 2528 prosint
796 2458 828 2505 et
852 2441 976 2524 obsint,
1001 2438 1041 2504 ad
1068 2462 1180 2504 earum
1206 2441 1307 2504 ratio

228 2569 307 2610 nuru
336 2544 588 2636 descriptionem
617 2563 823 2628 revocentur,
848 2546 968 2634 quibus
998 2545 1083 2609 hanc
1111 2545 1305 2610 facultatem

228 2652 354 2738 assequi
368 2651 546 2738 possimus,
567 2666 627 2714 «ut
643 2649 817 2714 hominum
835 2650 940 2714 studia
955 2649 996 2713 ad
1014 2648 1305 2738 amplificationem

228 2773 411 2822 nostrarum
429 2779 538 2820 rerum
554 2771 664 2845 parata
681 2756 860 2820 excitemus
872 2805 881 2838 ,
895 2778 932 2819 ac
947 2773 1115 2820 teneamus
1127 2787 1149 2820 ι.
1171 2754 1209 2818 Id
1228 2759 1304 2844 qui-

228 2862 302 2927 dem
326 2865 484 2950 cujusque
502 2863 621 2926 virtute
639 2861 706 2926 lieri
723 2860 850 2942 docuit,
872 2862 977 2950 iisque
996 2862 1111 2944 rebus,
1134 2884 1303 2949 quaecum

227 2971 346 3054 virtute
364 2963 545 3049 conjunctae
561 2985 648 3032 sunt.
663 2969 783 3030 Rerum
802 2983 910 3030 autern
923 2967 1053 3031 utilium
1073 2991 1146 3032 curn
1163 2968 1303 3033 utilibus

133 3131 137 3136 .
229 3075 504 3162 comparationem
524 3075 651 3162 paucis,
669 3089 706 3136 ut
723 3090 887 3161 parerat,
906 3073 1051 3137 absolvit.

272 3196 353 3276 Quae
370 3211 479 3258 autem
504 3196 537 3256 in
557 3195 651 3258 tertio
671 3195 755 3258 libro
772 3210 941 3282 propterea
955 3244 964 3276 ,
980 3192 1070 3282 quod
1093 3194 1245 3258 homiues
1266 3199 1301 3259 in

226 3299 436 3367 deliberando
457 3299 563 3362 solent
583 3298 750 3381 dubitare,
770 3300 864 3387 quale
887 3300 928 3364 sit
952 3297 987 3362 id
1009 3298 1133 3386 dequo
1150 3299 1302 3365 conside-

226 3423 313 3488 rent,
330 3404 460 3470 honesti
478 3419 510 3468 et
527 3404 614 3467 utilis
634 3403 801 3467 contentio
824 3405 1025 3486 instituitur,
1046 3404 1115 3467 haec
1129 3405 1166 3467 lis
1190 3407 1301 3495 omnis

227 3516 271 3578 ita
287 3513 459 3592 dirimitur,
487 3525 539 3591 ut,
561 3532 663 3597 quum
682 3533 750 3574 non
772 3532 847 3574 vera
876 3501 995 3574 utilitas
1025 3533 1100 3573 cum
1127 3495 1302 3575 honestate

228 3637 370 3711 pugnet,
388 3616 445 3683 scd
468 3641 503 3682 ea
527 3640 599 3705 quae
624 3616 771 3682 videatur
793 3617 930 3698 utilitas,
955 3615 1060 3679 «nihil
1079 3632 1213 3705 putetur
1231 3618 1301 3680 uti·

226 3729 273 3808 le,
298 3725 388 3812 quod
405 3747 473 3788 non
499 3724 541 3788 sit
565 3721 651 3786 idem
668 3722 844 3786 honestum
856 3754 886 3804 s,
907 3720 942 3785 id
958 3737 1026 3802 est,
1040 3723 1163 3785 victum
1177 3737 1210 3785 et
1227 3721 1300 3786 cul-

127 3851 129 3856 ’
226 3849 297 3896 tum
310 3852 496 3918 comparare
509 3831 553 3894 ita
568 3829 648 3892 utile
659 3851 747 3910 esse,
759 3829 786 3891 si
801 3827 857 3892 fiat
871 3827 959 3891 nulla
970 3828 1108 3891 aliorum
1123 3827 1298 3892 hominum

225 3937 352 4016 injuria.
373 3935 520 4000 Alterum
543 3936 607 3999 hoc
627 3951 676 3998 cst
689 3957 725 3997 :a
738 3932 899 4020 quidquid
915 3934 1109 4015 honesturn,
1124 3931 1158 3996 id
1175 3934 1256 3997 utile
1273 3967 1297 3998 ι.

227 4043 312 4108 Utile
326 4042 412 4106 enim
427 4041 517 4128 quod
531 4057 598 4122 est,
614 4056 743 4130 oportet
758 4038 845 4103 idem
862 4040 1089 4104 essebonum:
1109 4039 1216 4104 solum
1236 4063 1299 4104 au-

438 4155 447 4180 9
