2770 4888
268 453 336 504 ιιι,
588 431 650 500 DE
673 429 1011 503 ANACOLUTHIS.

158 561 160 564 ’
261 549 416 638 poscebat
429 550 515 616 haec:
531 581 544 606 ι
558 572 599 614 ex
611 551 744 641 singulis
760 569 848 618 certa
862 551 1046 618 officiomm
1065 571 1184 639 genera
1201 571 1326 614 nascun-

260 673 317 720 tur
339 679 347 721 ε
372 657 463 721 velut
479 679 520 722 ex
537 679 574 722 ea
592 673 704 747 parte,
722 681 795 748 quse
821 661 927 749 prima
949 657 1108 746 descripta
1125 673 1193 738 est,
1210 658 1245 719 in
1272 677 1325 742 qua

262 763 453 851 sapientiam
474 780 508 828 et
532 763 627 853 prud.
655 766 827 854 ponimus,
845 766 989 830 nascitur
1009 762 1091 828 iilud
1107 761 1325 852 (officiorum)

264 891 383 958 genus,
396 870 429 934 in
443 892 510 958 quo
526 871 609 936 inest
619 870 814 961 indagatio».
829 875 906 938 Haec
921 870 1117 937 contractius
1133 869 1263 956 scripsit
1274 869 1325 949 ita,

260 991 313 1056 ut,
333 975 459 1041 duabus
474 976 559 1040 inter
572 1000 617 1040 ex
633 993 665 1042 et
681 981 761 1042 inest
778 979 955 1060 interjectis
970 975 1271 1056 enuntiationibus,
1282 974 1325 1037 lo·
1375 1005 1376 1016 ¹

262 1081 434 1146 cutionum
445 1081 537 1147 fieret
546 1085 713 1166 confusio,
726 1107 865 1172 quarum
880 1084 1041 1173 posterior
1053 1082 1201 1172 legitimo
1215 1095 1327 1144 careret
1375 1145 1376 1188 p

257 1188 434 1277 principio,
450 1188 592 1276 priorem
610 1188 683 1252 finis
698 1188 862 1255 deficeret.
881 1192 959 1254 ltem
981 1189 1118 1268 Cicero,
1137 1187 1246 1270 1,32,
1263 1183 1326 1264 115,
1375 1199 1376 1254 i

260 1294 442 1358 institutam
452 1294 729 1358 constructionem
741 1295 851 1359 sirbito
861 1294 1017 1372 mutavit,
1029 1293 1056 1356 si
1065 1315 1140 1356 vera
1153 1292 1227 1356 haec
1242 1291 1325 1355 lectio

259 1415 328 1464 est:
344 1427 356 1454 ι
372 1399 455 1462 Nam
471 1421 591 1487 regna,
611 1399 763 1488 imperia,
778 1401 982 1481 nobilitates,·
999 1399 1164 1479 honores,
1190 1397 1326 1476 divitias,

260 1527 354 1592 opes,
373 1527 492 1592 eaque,
510 1529 582 1593 quae
600 1523 679 1570 suut
694 1507 744 1571 his
763 1506 941 1588 contraria,
960 1506 993 1568 in
1016 1529 1094 1572 casu
1113 1505 1190 1587 sita,
1210 1521 1327 1591 tempo·

259 1609 349 1674 ribus
368 1611 625 1700 gubernantur».
644 1612 826 1676 Accusativi
850 1611 1061 1700 requirebant
1080 1627 1255 1698 «tempora
1273 1631 1328 1697 gu·

260 1715 437 1798 bernam-3
458 1715 515 1780 sed
537 1739 641 1804 quum
661 1717 797 1797 subjecti
819 1739 882 1780 vox
907 1730 1049 1804 tempora
1073 1716 1327 1782 accusativorum

258 1822 482 1910 proximorum
501 1823 593 1912 copia
610 1823 751 1912 opprimi
764 1821 940 1906 videretur,
957 1822 1085 1911 scrip'sit
1102 1853 1115 1879 ι
1126 1821 1328 1911 temporibus

261 1927 526 2016 gubernantur»,
545 1931 636 2017 quasi
654 1929 893 2017 praecessissent
909 1929 1096 1992 nominativi
1112 1950 1257 2016 «regna,
1271 1927 1327 1990 im·

258 2035 366 2122 peria,
384 2035 587 2116 nobilitates,
604 2023 764 2116 bonores,
781 2034 915 2116 divitiae,
929 2051 988 2098 etc.
1000 2065 1013 2090 ι
1027 2036 1084 2122 qui
1102 2032 1203 2122 vulgo
1220 2035 1328 2122 legun·

258 2155 324 2204 tur.
345 2141 438 2205 Certe
459 2140 605 2204 mirabile
621 2140 723 2205 videri
739 2141 838 2206 debet
855 2143 889 2204 in
908 2141 1005 2204 bonis
1023 2140 1111 2204 libris
1127 2140 1327 2204 accusativos

256 2247 410 2333 reperiri,
428 2269 511 2335 quos
527 2270 642 2336 pamm
657 2247 826 2336 probabile
842 2263 890 2312 est
904 2247 1114 2336 glossatores,
1131 2267 1217 2332 saepe
1234 2245 1327 2308 nimis

257 2373 384 2415 severos
402 2351 542 2442 vulgaris
563 2352 693 2418 dicendi
706 2354 845 2418 »rationis
862 2351 1022 2434 vindices,
1046 2350 1173 2416 finxisse
1196 2351 1326 2440 potius,
1375 2399 1376 2428 p

257 2479 376 2546 quam,
397 2481 501 2547 quum
521 2460 690 2547 sequentia
706 2459 815 2524 minus
831 2457 1077 2548 responderent,
1094 2458 1283 2523 correxisse.

1025 2598 1032 2612 0
1071 2565 1106 2628 G.
1123 2564 1239 2630 Bnrnn.
