<?xml version="1.0" encoding="UTF-8"?>
<!DOCTYPE html PUBLIC "-//W3C//DTD XHTML 1.0 Transitional//EN"
    "http://www.w3.org/TR/xhtml1/DTD/xhtml1-transitional.dtd">
<html xmlns="http://www.w3.org/1999/xhtml" xml:lang="en" lang="en">
 <head>
  <title>
</title>
<meta http-equiv="Content-Type" content="text/html;charset=utf-8" />
  <meta name='ocr-system' content='tesseract 3.04.00' />
  <meta name='ocr-capabilities' content='ocr_page ocr_carea ocr_par ocr_line ocrx_word'/>
</head>
<body>
  <div class='ocr_page' id='page_1' title='image "bibliothecaclas95lemagoog_0034.png"; bbox 0 0 2770 4888; ppageno 0'>
   <div class='ocr_carea' id='block_1_1' title="bbox 454 451 1148 544">
    <p class='ocr_par' dir='ltr' id='par_1_1' title="bbox 454 451 1148 544">
     <span class='ocr_line' id='line_1_1' title="bbox 454 451 1148 544; baseline -0.001 -25"><span class='ocrx_word' id='word_1_1' title='bbox 454 451 762 519; x_wconf 84' lang='lat' dir='ltr'><strong>PRAEMONITIO.</strong></span> <span class='ocrx_word' id='word_1_2' title='bbox 1044 451 1148 544; x_wconf 76' lang='lat' dir='ltr'><strong>xxvij</strong></span> 
     </span>
    </p>
   </div>
   <div class='ocr_carea' id='block_1_2' title="bbox 1 582 1251 3888">
    <p class='ocr_par' dir='ltr' id='par_1_2' title="bbox 94 582 1147 1174">
     <span class='ocr_line' id='line_1_2' title="bbox 98 582 1145 655; baseline -0.001 -1"><span class='ocrx_word' id='word_1_3' title='bbox 98 584 217 655; x_wconf 84' lang='lat' dir='ltr'><strong>Scholae</strong></span> <span class='ocrx_word' id='word_1_4' title='bbox 234 585 393 654; x_wconf 88' lang='lat' dir='ltr'><strong>Cizensis</strong></span> <span class='ocrx_word' id='word_1_5' title='bbox 407 582 502 654; x_wconf 87' lang='lat' dir='ltr'><strong>bene</strong></span> <span class='ocrx_word' id='word_1_6' title='bbox 519 584 637 654; x_wconf 89' lang='lat' dir='ltr'><strong>meriti</strong></span> <span class='ocrx_word' id='word_1_7' title='bbox 658 582 755 654; x_wconf 93' lang='lat' dir='ltr'><strong>baud</strong></span> <span class='ocrx_word' id='word_1_8' title='bbox 778 585 952 653; x_wconf 83' lang='lat' dir='ltr'><strong>exstincta</strong></span> <span class='ocrx_word' id='word_1_9' title='bbox 970 583 1145 653; x_wconf 90' lang='lat' dir='ltr'><strong>memoria</strong></span> 
     </span>
     <span class='ocr_line' id='line_1_3' title="bbox 98 703 1145 792; baseline -0.003 -15"><span class='ocrx_word' id='word_1_10' title='bbox 98 724 157 792; x_wconf 86' lang='lat' dir='ltr'><strong>est,</strong></span> <span class='ocrx_word' id='word_1_11' title='bbox 175 733 255 779; x_wconf 92' lang='lat' dir='ltr'><strong>cum</strong></span> <span class='ocrx_word' id='word_1_12' title='bbox 274 707 433 780; x_wconf 81' lang='lat' dir='ltr'>editione</span> <span class='ocrx_word' id='word_1_13' title='bbox 446 707 666 778; x_wconf 88' lang='lat' dir='ltr'><strong>Wetzeliana</strong></span> <span class='ocrx_word' id='word_1_14' title='bbox 681 730 824 776; x_wconf 90' lang='lat' dir='ltr'><strong>mecum</strong></span> <span class='ocrx_word' id='word_1_15' title='bbox 838 703 1035 776; x_wconf 81' lang='lat' dir='ltr'>liberaliter</span> <span class='ocrx_word' id='word_1_16' title='bbox 1048 729 1145 776; x_wconf 91' lang='lat' dir='ltr'><strong>com·</strong></span> 
     </span>
     <span class='ocr_line' id='line_1_4' title="bbox 99 830 1147 903; baseline 0 -3"><span class='ocrx_word' id='word_1_17' title='bbox 99 836 275 903; x_wconf 88' lang='lat' dir='ltr'><strong>municata.</strong></span> <span class='ocrx_word' id='word_1_18' title='bbox 291 837 429 903; x_wconf 92' lang='lat' dir='ltr'><strong>Horum</strong></span> <span class='ocrx_word' id='word_1_19' title='bbox 446 831 611 903; x_wconf 88' lang='lat' dir='ltr'><strong>codicum</strong></span> <span class='ocrx_word' id='word_1_20' title='bbox 622 831 813 902; x_wconf 89' lang='lat' dir='ltr'><strong>lectionem</strong></span> <span class='ocrx_word' id='word_1_21' title='bbox 829 831 865 900; x_wconf 91' lang='lat' dir='ltr'><strong>iu</strong></span> <span class='ocrx_word' id='word_1_22' title='bbox 883 831 978 901; x_wconf 89' lang='lat' dir='ltr'><strong>notis</strong></span> <span class='ocrx_word' id='word_1_23' title='bbox 992 830 1147 901; x_wconf 90' lang='lat' dir='ltr'><strong>indicavi</strong></span> 
     </span>
     <span class='ocr_line' id='line_1_5' title="bbox 97 951 1145 1050; baseline -0.002 -26"><span class='ocrx_word' id='word_1_24' title='bbox 97 977 155 1048; x_wconf 86' lang='lat' dir='ltr'><strong>per</strong></span> <span class='ocrx_word' id='word_1_25' title='bbox 166 958 203 1036; x_wconf 85' lang='lat' dir='ltr'><strong>A,</strong></span> <span class='ocrx_word' id='word_1_26' title='bbox 222 960 260 1042; x_wconf 87' lang='grc' dir='ltr'><strong>Β,</strong></span> <span class='ocrx_word' id='word_1_27' title='bbox 279 957 319 1024; x_wconf 91' lang='lat' dir='ltr'><strong>C.</strong></span> <span class='ocrx_word' id='word_1_28' title='bbox 348 959 404 1026; x_wconf 89' lang='lat' dir='ltr'><strong>De</strong></span> <span class='ocrx_word' id='word_1_29' title='bbox 427 952 563 1050; x_wconf 89' lang='lat' dir='ltr'><strong>quibus</strong></span> <span class='ocrx_word' id='word_1_30' title='bbox 590 977 649 1039; x_wconf 89' lang='lat' dir='ltr'><strong>ea,</strong></span> <span class='ocrx_word' id='word_1_31' title='bbox 674 977 754 1050; x_wconf 73' lang='lat' dir='ltr'><strong>quae</strong></span> <span class='ocrx_word' id='word_1_32' title='bbox 786 951 960 1022; x_wconf 88' lang='lat' dir='ltr'><strong>Miillerus</strong></span> <span class='ocrx_word' id='word_1_33' title='bbox 986 953 1145 1050; x_wconf 81' lang='lat' dir='ltr'>scripsit,</span> 
     </span>
     <span class='ocr_line' id='line_1_6' title="bbox 94 1076 694 1174; baseline 0.005 -32"><span class='ocrx_word' id='word_1_34' title='bbox 94 1077 192 1171; x_wconf 90' lang='lat' dir='ltr'><strong>ipsius</strong></span> <span class='ocrx_word' id='word_1_35' title='bbox 209 1076 331 1148; x_wconf 86' lang='lat' dir='ltr'><strong>verbis</strong></span> <span class='ocrx_word' id='word_1_36' title='bbox 349 1101 527 1174; x_wconf 84' lang='lat' dir='ltr'><strong>exponam</strong></span> <span class='ocrx_word' id='word_1_37' title='bbox 547 1077 694 1172; x_wconf 85' lang='lat' dir='ltr'><strong>integra.</strong></span> 
     </span>
    </p>

    <p class='ocr_par' dir='ltr' id='par_1_3' title="bbox 133 1198 1148 1273">
     <span class='ocr_line' id='line_1_7' title="bbox 133 1198 1148 1273; baseline 0.004 -7"><span class='ocrx_word' id='word_1_38' title='bbox 133 1201 214 1272; x_wconf 70' lang='lat' dir='ltr'><strong>«Ad</strong></span> <span class='ocrx_word' id='word_1_39' title='bbox 235 1201 397 1273; x_wconf 84' lang='lat' dir='ltr'><strong>codicem</strong></span> <span class='ocrx_word' id='word_1_40' title='bbox 422 1207 460 1272; x_wconf 98' lang='lat' dir='ltr'><strong>A.</strong></span> <span class='ocrx_word' id='word_1_41' title='bbox 484 1231 501 1265; x_wconf 74' lang='grc' dir='ltr'><strong>ιι</strong></span> <span class='ocrx_word' id='word_1_42' title='bbox 514 1200 638 1272; x_wconf 84' lang='lat' dir='ltr'>Codex</span> <span class='ocrx_word' id='word_1_43' title='bbox 664 1199 863 1271; x_wconf 76' lang='lat' dir='ltr'><strong>membran.</strong></span> <span class='ocrx_word' id='word_1_44' title='bbox 887 1198 1003 1272; x_wconf 87' lang='lat' dir='ltr'><strong>forma</strong></span> <span class='ocrx_word' id='word_1_45' title='bbox 1024 1214 1148 1271; x_wconf 88' lang='lat' dir='ltr'><strong>octava</strong></span> 
     </span>
    </p>

    <p class='ocr_par' dir='ltr' id='par_1_4' title="bbox 1 1322 1251 3518">
     <span class='ocr_line' id='line_1_8' title="bbox 91 1322 1148 1420; baseline 0.001 -31"><span class='ocrx_word' id='word_1_46' title='bbox 91 1326 302 1396; x_wconf 76' lang='lat' dir='ltr'><strong>«Ciceronis</strong></span> <span class='ocrx_word' id='word_1_47' title='bbox 317 1323 362 1395; x_wconf 92' lang='lat' dir='ltr'><strong>de</strong></span> <span class='ocrx_word' id='word_1_48' title='bbox 372 1325 553 1410; x_wconf 82' lang='lat' dir='ltr'><strong>Amicitia,</strong></span> <span class='ocrx_word' id='word_1_49' title='bbox 569 1341 684 1420; x_wconf 86' lang='lat' dir='ltr'><strong>quem</strong></span> <span class='ocrx_word' id='word_1_50' title='bbox 694 1323 782 1394; x_wconf 90' lang='lat' dir='ltr'><strong>olim</strong></span> <span class='ocrx_word' id='word_1_51' title='bbox 801 1323 960 1420; x_wconf 85' lang='lat' dir='ltr'><strong>possedit</strong></span> <span class='ocrx_word' id='word_1_52' title='bbox 975 1329 1029 1393; x_wconf 87' lang='lat' dir='ltr'><strong>Jo.</strong></span> <span class='ocrx_word' id='word_1_53' title='bbox 1048 1322 1148 1394; x_wconf 90' lang='lat' dir='ltr'><strong>Chri·</strong></span> 
     </span>
     <span class='ocr_line' id='line_1_9' title="bbox 89 1446 1146 1546; baseline 0.002 -30"><span class='ocrx_word' id='word_1_54' title='bbox 89 1447 231 1544; x_wconf 75' lang='lat' dir='ltr'><strong>«stoph.</strong></span> <span class='ocrx_word' id='word_1_55' title='bbox 251 1446 415 1546; x_wconf 87' lang='lat' dir='ltr'><strong>Theopb.</strong></span> <span class='ocrx_word' id='word_1_56' title='bbox 433 1449 584 1520; x_wconf 89' lang='lat' dir='ltr'><strong>Ernesti.</strong></span> <span class='ocrx_word' id='word_1_57' title='bbox 605 1453 758 1520; x_wconf 90' lang='lat' dir='ltr'><strong>Putatur</strong></span> <span class='ocrx_word' id='word_1_58' title='bbox 778 1471 855 1520; x_wconf 89' lang='lat' dir='ltr'><strong>esse</strong></span> <span class='ocrx_word' id='word_1_59' title='bbox 875 1447 995 1520; x_wconf 76' lang='lat' dir='ltr'><strong>saeculi</strong></span> <span class='ocrx_word' id='word_1_60' title='bbox 1017 1453 1086 1536; x_wconf 85' lang='lat' dir='ltr'><strong>XI,</strong></span> <span class='ocrx_word' id='word_1_61' title='bbox 1108 1449 1146 1518; x_wconf 92' lang='lat' dir='ltr'><strong>in</strong></span> 
     </span>
     <span class='ocr_line' id='line_1_10' title="bbox 89 1571 1148 1670; baseline 0 -28"><span class='ocrx_word' id='word_1_62' title='bbox 89 1599 103 1634; x_wconf 75' lang='lat' dir='ltr'><strong>c</strong></span> <span class='ocrx_word' id='word_1_63' title='bbox 120 1573 291 1669; x_wconf 87' lang='lat' dir='ltr'><strong>Catologo</strong></span> <span class='ocrx_word' id='word_1_64' title='bbox 300 1571 475 1644; x_wconf 85' lang='lat' dir='ltr'><strong>librorum</strong></span> <span class='ocrx_word' id='word_1_65' title='bbox 485 1575 781 1644; x_wconf 88' lang='lat' dir='ltr'><strong>Ernestianorum</strong></span> <span class='ocrx_word' id='word_1_66' title='bbox 791 1598 888 1643; x_wconf 83' lang='lat' dir='ltr'><strong>arrno</strong></span> <span class='ocrx_word' id='word_1_67' title='bbox 905 1573 992 1644; x_wconf 77' lang='lat'>1802</span> <span class='ocrx_word' id='word_1_68' title='bbox 1002 1571 1148 1670; x_wconf 88' lang='lat' dir='ltr'><strong>publice</strong></span> 
     </span>
     <span class='ocr_line' id='line_1_11' title="bbox 88 1694 1147 1794; baseline -0.001 -29"><span class='ocrx_word' id='word_1_69' title='bbox 88 1723 102 1756; x_wconf 72' lang='grc' dir='ltr'><strong>α</strong></span> <span class='ocrx_word' id='word_1_70' title='bbox 120 1697 244 1791; x_wconf 85' lang='lat' dir='ltr'><strong>Lipsiae</strong></span> <span class='ocrx_word' id='word_1_71' title='bbox 258 1694 652 1794; x_wconf 87' lang='lat' dir='ltr'><strong>divenditorum,quod</strong></span> <span class='ocrx_word' id='word_1_72' title='bbox 669 1697 724 1766; x_wconf 82' lang='lat' dir='ltr'><strong>vix</strong></span> <span class='ocrx_word' id='word_1_73' title='bbox 740 1694 910 1767; x_wconf 81' lang='lat' dir='ltr'><strong>credibile</strong></span> <span class='ocrx_word' id='word_1_74' title='bbox 925 1711 988 1767; x_wconf 87' lang='lat' dir='ltr'><strong>est.</strong></span> <span class='ocrx_word' id='word_1_75' title='bbox 1000 1695 1147 1766; x_wconf 80' lang='lat' dir='ltr'><strong>Interim</strong></span> 
     </span>
     <span class='ocr_line' id='line_1_12' title="bbox 87 1814 1149 1916; baseline 0.003 -31"><span class='ocrx_word' id='word_1_76' title='bbox 87 1814 172 1889; x_wconf 69' lang='lat' dir='ltr'><strong>«hic</strong></span> <span class='ocrx_word' id='word_1_77' title='bbox 194 1833 249 1890; x_wconf 86' lang='lat' dir='ltr'><strong>cst</strong></span> <span class='ocrx_word' id='word_1_78' title='bbox 270 1819 442 1916; x_wconf 90' lang='lat' dir='ltr'><strong>antiquus</strong></span> <span class='ocrx_word' id='word_1_79' title='bbox 461 1835 497 1891; x_wconf 89' lang='lat' dir='ltr'><strong>et</strong></span> <span class='ocrx_word' id='word_1_80' title='bbox 516 1844 591 1889; x_wconf 94' lang='lat' dir='ltr'><strong>uno</strong></span> <span class='ocrx_word' id='word_1_81' title='bbox 610 1818 795 1890; x_wconf 89' lang='lat' dir='ltr'><strong>volumine</strong></span> <span class='ocrx_word' id='word_1_82' title='bbox 815 1819 960 1914; x_wconf 90' lang='lat' dir='ltr'><strong>junctus</strong></span> <span class='ocrx_word' id='word_1_83' title='bbox 982 1842 1065 1888; x_wconf 91' lang='lat' dir='ltr'><strong>cum</strong></span> <span class='ocrx_word' id='word_1_84' title='bbox 1087 1821 1149 1888; x_wconf 90' lang='lat' dir='ltr'><strong>MS</strong></span> 
     </span>
     <span class='ocr_line' id='line_1_13' title="bbox 88 1940 1152 2039; baseline 0 -27"><span class='ocrx_word' id='word_1_85' title='bbox 88 1941 161 2012; x_wconf 73' lang='lat' dir='ltr'><strong>«de</strong></span> <span class='ocrx_word' id='word_1_86' title='bbox 177 1947 389 2030; x_wconf 80' lang='lat' dir='ltr'><strong>Senectute3</strong></span> <span class='ocrx_word' id='word_1_87' title='bbox 408 1958 445 2014; x_wconf 90' lang='lat' dir='ltr'><strong>et</strong></span> <span class='ocrx_word' id='word_1_88' title='bbox 461 1944 587 2016; x_wconf 87' lang='lat' dir='ltr'><strong>eadem</strong></span> <span class='ocrx_word' id='word_1_89' title='bbox 604 1969 716 2016; x_wconf 89' lang='lat' dir='ltr'><strong>manu</strong></span> <span class='ocrx_word' id='word_1_90' title='bbox 735 1940 862 2012; x_wconf 87' lang='lat' dir='ltr'><strong>eodem</strong></span> <span class='ocrx_word' id='word_1_91' title='bbox 884 1955 1048 2039; x_wconf 88' lang='lat' dir='ltr'><strong>tempore</strong></span> <span class='ocrx_word' id='word_1_92' title='bbox 1067 1945 1152 2014; x_wconf 86' lang='lat' dir='ltr'><strong>scri·</strong></span> 
     </span>
     <span class='ocr_line' id='line_1_14' title="bbox 1 2065 1150 2164; baseline 0.001 -29"><span class='ocrx_word' id='word_1_93' title='bbox 1 2135 2 2164; x_wconf 28' lang='lat'><em>5</em></span> <span class='ocrx_word' id='word_1_94' title='bbox 88 2092 102 2126; x_wconf 75' lang='grc' dir='ltr'>α</span> <span class='ocrx_word' id='word_1_95' title='bbox 117 2079 206 2160; x_wconf 89' lang='lat' dir='ltr'><strong>ptus.</strong></span> <span class='ocrx_word' id='word_1_96' title='bbox 222 2065 394 2137; x_wconf 81' lang='lat' dir='ltr'><strong>Continet</strong></span> <span class='ocrx_word' id='word_1_97' title='bbox 409 2065 569 2164; x_wconf 84' lang='lat' dir='ltr'><strong>plagulas</strong></span> <span class='ocrx_word' id='word_1_98' title='bbox 582 2071 689 2153; x_wconf 66' lang='grc' dir='ltr'>ΧΙΙξ.</span> <span class='ocrx_word' id='word_1_99' title='bbox 704 2072 767 2138; x_wconf 87' lang='lat' dir='ltr'><strong>Est</strong></span> <span class='ocrx_word' id='word_1_100' title='bbox 783 2065 965 2162; x_wconf 81' lang='lat' dir='ltr'><strong>eleganter</strong></span> <span class='ocrx_word' id='word_1_101' title='bbox 979 2065 1150 2164; x_wconf 88' lang='lat' dir='ltr'><strong>scriptus,</strong></span> 
     </span>
     <span class='ocr_line' id='line_1_15' title="bbox 89 2189 1150 2288; baseline 0.002 -30"><span class='ocrx_word' id='word_1_102' title='bbox 89 2215 104 2250; x_wconf 74' lang='grc' dir='ltr'><strong>α</strong></span> <span class='ocrx_word' id='word_1_103' title='bbox 118 2202 151 2258; x_wconf 87' lang='lat' dir='ltr'><strong>et</strong></span> <span class='ocrx_word' id='word_1_104' title='bbox 172 2190 297 2284; x_wconf 82' lang='lat' dir='ltr'><strong>paucis</strong></span> <span class='ocrx_word' id='word_1_105' title='bbox 316 2203 457 2260; x_wconf 90' lang='lat' dir='ltr'><strong>tantum</strong></span> <span class='ocrx_word' id='word_1_106' title='bbox 473 2193 659 2288; x_wconf 69' lang='lat' dir='ltr'><strong>scripturae</strong></span> <span class='ocrx_word' id='word_1_107' title='bbox 673 2189 908 2287; x_wconf 87' lang='lat' dir='ltr'><strong>compendiis.</strong></span> <span class='ocrx_word' id='word_1_108' title='bbox 921 2193 962 2258; x_wconf 91' lang='lat' dir='ltr'><strong>ln</strong></span> <span class='ocrx_word' id='word_1_109' title='bbox 978 2189 1150 2287; x_wconf 85' lang='lat' dir='ltr'><strong>Catalogo</strong></span> 
     </span>
     <span class='ocr_line' id='line_1_16' title="bbox 1 2309 1150 2409; baseline 0.004 -31"><span class='ocrx_word' id='word_1_110' title='bbox 1 2353 2 2409; x_wconf 57' lang='lat' dir='ltr'><strong>p</strong></span> <span class='ocrx_word' id='word_1_111' title='bbox 91 2338 106 2372; x_wconf 74' lang='grc' dir='ltr'><strong>α</strong></span> <span class='ocrx_word' id='word_1_112' title='bbox 122 2309 205 2382; x_wconf 89' lang='lat' dir='ltr'><strong>libb.</strong></span> <span class='ocrx_word' id='word_1_113' title='bbox 222 2314 520 2384; x_wconf 89' lang='lat' dir='ltr'><strong>Ernestianorum</strong></span> <span class='ocrx_word' id='word_1_114' title='bbox 542 2313 673 2384; x_wconf 91' lang='lat' dir='ltr'><strong>dicitur</strong></span> <span class='ocrx_word' id='word_1_115' title='bbox 690 2338 773 2384; x_wconf 89' lang='lat' dir='ltr'><strong>cum</strong></span> <span class='ocrx_word' id='word_1_116' title='bbox 793 2311 872 2384; x_wconf 88' lang='lat' dir='ltr'><strong>cod.</strong></span> <span class='ocrx_word' id='word_1_117' title='bbox 893 2311 938 2384; x_wconf 92' lang='lat' dir='ltr'><strong>de</strong></span> <span class='ocrx_word' id='word_1_118' title='bbox 957 2317 1150 2384; x_wconf 86' lang='lat' dir='ltr'><strong>Senectute</strong></span> 
     </span>
     <span class='ocr_line' id='line_1_17' title="bbox 92 2434 1251 2533; baseline 0.002 -29"><span class='ocrx_word' id='word_1_119' title='bbox 92 2462 106 2496; x_wconf 77' lang='grc' dir='ltr'>α</span> <span class='ocrx_word' id='word_1_120' title='bbox 119 2437 300 2505; x_wconf 86' lang='lat' dir='ltr'><strong>continere</strong></span> <span class='ocrx_word' id='word_1_121' title='bbox 315 2459 409 2505; x_wconf 85' lang='lat' dir='ltr'>xxxv</span> <span class='ocrx_word' id='word_1_122' title='bbox 425 2435 599 2532; x_wconf 83' lang='lat' dir='ltr'><strong>plagulas,</strong></span> <span class='ocrx_word' id='word_1_123' title='bbox 611 2461 723 2533; x_wconf 91' lang='lat' dir='ltr'><strong>quum</strong></span> <span class='ocrx_word' id='word_1_124' title='bbox 739 2450 860 2506; x_wconf 89' lang='lat' dir='ltr'><strong>tamen</strong></span> <span class='ocrx_word' id='word_1_125' title='bbox 874 2450 1028 2532; x_wconf 87' lang='lat' dir='ltr'><strong>uterque</strong></span> <span class='ocrx_word' id='word_1_126' title='bbox 1040 2434 1151 2506; x_wconf 93' lang='lat' dir='ltr'><strong>modo</strong></span> <span class='ocrx_word' id='word_1_127' title='bbox 1248 2465 1251 2478; x_wconf 94' lang='lat'><em>·</em></span> 
     </span>
     <span class='ocr_line' id='line_1_18' title="bbox 1 2557 1151 2656; baseline 0.007 -36"><span class='ocrx_word' id='word_1_128' title='bbox 1 2579 2 2604; x_wconf 67' lang='lat'><em>³</em></span> <span class='ocrx_word' id='word_1_129' title='bbox 92 2583 184 2626; x_wconf 77' lang='lat' dir='ltr'><strong>«xxv</strong></span> <span class='ocrx_word' id='word_1_130' title='bbox 204 2557 319 2654; x_wconf 83' lang='lat' dir='ltr'><strong>plagg.</strong></span> <span class='ocrx_word' id='word_1_131' title='bbox 340 2558 610 2656; x_wconf 84' lang='lat' dir='ltr'><strong>complectatur.</strong></span> <span class='ocrx_word' id='word_1_132' title='bbox 628 2564 993 2655; x_wconf 83' lang='lat' dir='ltr'><strong>LitoraInumquam</strong></span> <span class='ocrx_word' id='word_1_133' title='bbox 1014 2571 1151 2655; x_wconf 89' lang='lat' dir='ltr'><strong>puncto</strong></span> 
     </span>
     <span class='ocr_line' id='line_1_19' title="bbox 1 2671 1152 2780; baseline 0 -30"><span class='ocrx_word' id='word_1_134' title='bbox 1 2671 2 2682; x_wconf 40' lang='lat'>¹</span> <span class='ocrx_word' id='word_1_135' title='bbox 94 2686 203 2751; x_wconf 78' lang='lat' dir='ltr'><strong>«iest</strong></span> <span class='ocrx_word' id='word_1_136' title='bbox 221 2695 367 2751; x_wconf 81' lang='lat' dir='ltr'><strong>notata:</strong></span> <span class='ocrx_word' id='word_1_137' title='bbox 392 2705 460 2752; x_wconf 90' lang='lat' dir='ltr'><strong>nec</strong></span> <span class='ocrx_word' id='word_1_138' title='bbox 484 2684 626 2778; x_wconf 86' lang='lat' dir='ltr'><strong>signum</strong></span> <span class='ocrx_word' id='word_1_139' title='bbox 648 2685 777 2780; x_wconf 91' lang='lat' dir='ltr'><strong>puncti</strong></span> <span class='ocrx_word' id='word_1_140' title='bbox 801 2697 837 2754; x_wconf 89' lang='lat' dir='ltr'><strong>et</strong></span> <span class='ocrx_word' id='word_1_141' title='bbox 862 2679 1152 2777; x_wconf 85' lang='lat' dir='ltr'><strong>interrogationis</strong></span> 
     </span>
     <span class='ocr_line' id='line_1_20' title="bbox 1 2807 943 2904; baseline 0 -28"><span class='ocrx_word' id='word_1_142' title='bbox 1 2823 2 2830; x_wconf 77' lang='grc'>’</span> <span class='ocrx_word' id='word_1_143' title='bbox 94 2807 348 2904; x_wconf 80' lang='lat' dir='ltr'><strong>«conspicitur.</strong></span> <span class='ocrx_word' id='word_1_144' title='bbox 365 2811 496 2902; x_wconf 82' lang='lat' dir='ltr'><strong>Incipit</strong></span> <span class='ocrx_word' id='word_1_145' title='bbox 517 2807 655 2878; x_wconf 82' lang='lat' dir='ltr'><strong>Tullius</strong></span> <span class='ocrx_word' id='word_1_146' title='bbox 673 2807 720 2877; x_wconf 81' lang='lat' dir='ltr'><strong>de</strong></span> <span class='ocrx_word' id='word_1_147' title='bbox 732 2809 901 2877; x_wconf 82' lang='lat' dir='ltr'><strong>Amicitia</strong></span> <span class='ocrx_word' id='word_1_148' title='bbox 917 2836 943 2876; x_wconf 75' lang='lat' dir='ltr'><strong>u.</strong></span> 
     </span>
     <span class='ocr_line' id='line_1_21' title="bbox 133 2927 1150 3027; baseline -0.001 -29"><span class='ocrx_word' id='word_1_149' title='bbox 133 2957 150 2991; x_wconf 78' lang='grc' dir='ltr'><strong>α</strong></span> <span class='ocrx_word' id='word_1_150' title='bbox 165 2933 205 2998; x_wconf 91' lang='lat' dir='ltr'><strong>ln</strong></span> <span class='ocrx_word' id='word_1_151' title='bbox 223 2927 481 3000; x_wconf 78' lang='lat' dir='ltr'><strong>finebliillcrus</strong></span> <span class='ocrx_word' id='word_1_152' title='bbox 495 2929 572 3000; x_wconf 85' lang='lat' dir='ltr'><strong>haec</strong></span> <span class='ocrx_word' id='word_1_153' title='bbox 588 2933 754 3027; x_wconf 89' lang='lat' dir='ltr'><strong>scripsit:</strong></span> <span class='ocrx_word' id='word_1_154' title='bbox 775 2961 791 2994; x_wconf 72' lang='lat' dir='ltr'><strong>a</strong></span> <span class='ocrx_word' id='word_1_155' title='bbox 803 2929 966 3026; x_wconf 77' lang='lat' dir='ltr'><strong>Explicit</strong></span> <span class='ocrx_word' id='word_1_156' title='bbox 982 2928 1029 2998; x_wconf 85' lang='lat' dir='ltr'><strong>de</strong></span> <span class='ocrx_word' id='word_1_157' title='bbox 1045 2931 1150 2998; x_wconf 86' lang='lat' dir='ltr'><strong>Ami·</strong></span> 
     </span>
     <span class='ocr_line' id='line_1_22' title="bbox 1 3042 1151 3148; baseline 0 -28"><span class='ocrx_word' id='word_1_158' title='bbox 1 3042 2 3067; x_wconf 60' lang='lat'>¹</span> <span class='ocrx_word' id='word_1_159' title='bbox 94 3055 199 3120; x_wconf 72' lang='lat' dir='ltr'><strong>«ciria</strong></span> <span class='ocrx_word' id='word_1_160' title='bbox 217 3051 354 3122; x_wconf 82' lang='lat' dir='ltr'><strong>Tullius</strong></span> <span class='ocrx_word' id='word_1_161' title='bbox 369 3079 380 3121; x_wconf 92' lang='lat'><strong>.·</strong></span> <span class='ocrx_word' id='word_1_162' title='bbox 396 3077 476 3148; x_wconf 67' lang='lat' dir='ltr'><strong>quae</strong></span> <span class='ocrx_word' id='word_1_163' title='bbox 491 3051 601 3124; x_wconf 87' lang='lat' dir='ltr'><strong>verba</strong></span> <span class='ocrx_word' id='word_1_164' title='bbox 620 3065 662 3122; x_wconf 93' lang='lat' dir='ltr'><strong>ut</strong></span> <span class='ocrx_word' id='word_1_165' title='bbox 680 3066 715 3122; x_wconf 91' lang='lat' dir='ltr'><strong>et</strong></span> <span class='ocrx_word' id='word_1_166' title='bbox 731 3049 877 3122; x_wconf 90' lang='lat' dir='ltr'><strong>initialia</strong></span> <span class='ocrx_word' id='word_1_167' title='bbox 896 3049 1017 3122; x_wconf 87' lang='lat' dir='ltr'><strong>colore</strong></span> <span class='ocrx_word' id='word_1_168' title='bbox 1036 3047 1151 3120; x_wconf 91' lang='lat' dir='ltr'><strong>rubro</strong></span> 
     </span>
     <span class='ocr_line' id='line_1_23' title="bbox 1 3171 1152 3271; baseline 0.003 -33"><span class='ocrx_word' id='word_1_169' title='bbox 1 3209 2 3238; x_wconf 78' lang='lat'>1</span> <span class='ocrx_word' id='word_1_170' title='bbox 95 3187 205 3242; x_wconf 71' lang='lat' dir='ltr'><strong>nsunt</strong></span> <span class='ocrx_word' id='word_1_171' title='bbox 222 3175 362 3270; x_wconf 89' lang='lat' dir='ltr'><strong>scripta.</strong></span> <span class='ocrx_word' id='word_1_172' title='bbox 383 3179 426 3243; x_wconf 91' lang='lat' dir='ltr'><strong>ln</strong></span> <span class='ocrx_word' id='word_1_173' title='bbox 451 3179 581 3271; x_wconf 83' lang='lat' dir='ltr'><strong>pagina</strong></span> <span class='ocrx_word' id='word_1_174' title='bbox 605 3178 723 3271; x_wconf 90' lang='lat' dir='ltr'><strong>prima</strong></span> <span class='ocrx_word' id='word_1_175' title='bbox 742 3187 778 3244; x_wconf 88' lang='lat' dir='ltr'><strong>et</strong></span> <span class='ocrx_word' id='word_1_176' title='bbox 798 3187 958 3245; x_wconf 84' lang='lat' dir='ltr'><strong>extrema</strong></span> <span class='ocrx_word' id='word_1_177' title='bbox 973 3171 1089 3244; x_wconf 89' lang='lat' dir='ltr'><strong>codici</strong></span> <span class='ocrx_word' id='word_1_178' title='bbox 1105 3173 1152 3242; x_wconf 88' lang='lat' dir='ltr'><strong>al·</strong></span> 
     </span>
     <span class='ocr_line' id='line_1_24' title="bbox 1 3294 1151 3393; baseline 0 -29"><span class='ocrx_word' id='word_1_179' title='bbox 1 3335 2 3342; x_wconf 55' lang='lat'><strong>.</strong></span> <span class='ocrx_word' id='word_1_180' title='bbox 95 3295 177 3365; x_wconf 76' lang='lat' dir='ltr'><strong>«lita</strong></span> <span class='ocrx_word' id='word_1_181' title='bbox 196 3311 281 3367; x_wconf 89' lang='lat' dir='ltr'><strong>sunt</strong></span> <span class='ocrx_word' id='word_1_182' title='bbox 297 3294 460 3393; x_wconf 72' lang='lat' dir='ltr'><strong>quaedam</strong></span> <span class='ocrx_word' id='word_1_183' title='bbox 483 3322 527 3367; x_wconf 82' lang='lat' dir='ltr'><strong>ex</strong></span> <span class='ocrx_word' id='word_1_184' title='bbox 551 3301 592 3368; x_wconf 90' lang='lat' dir='ltr'><strong>N.</strong></span> <span class='ocrx_word' id='word_1_185' title='bbox 611 3302 651 3368; x_wconf 88' lang='lat' dir='ltr'><strong>T.</strong></span> <span class='ocrx_word' id='word_1_186' title='bbox 672 3299 721 3368; x_wconf 90' lang='lat' dir='ltr'><strong>ita</strong></span> <span class='ocrx_word' id='word_1_187' title='bbox 743 3311 882 3385; x_wconf 87' lang='lat' dir='ltr'><strong>tamen,</strong></span> <span class='ocrx_word' id='word_1_188' title='bbox 908 3311 948 3367; x_wconf 91' lang='lat' dir='ltr'><strong>ut</strong></span> <span class='ocrx_word' id='word_1_189' title='bbox 962 3297 1022 3366; x_wconf 81' lang='lat' dir='ltr'><strong>vix</strong></span> <span class='ocrx_word' id='word_1_190' title='bbox 1037 3320 1151 3366; x_wconf 93' lang='lat' dir='ltr'><strong>unum</strong></span> 
     </span>
     <span class='ocr_line' id='line_1_25' title="bbox 94 3419 768 3518; baseline 0.003 -30"><span class='ocrx_word' id='word_1_191' title='bbox 94 3420 174 3490; x_wconf 77' lang='lat' dir='ltr'><strong>«vel</strong></span> <span class='ocrx_word' id='word_1_192' title='bbox 188 3419 341 3490; x_wconf 89' lang='lat' dir='ltr'><strong>alterum</strong></span> <span class='ocrx_word' id='word_1_193' title='bbox 361 3419 513 3492; x_wconf 91' lang='lat' dir='ltr'><strong>verbum</strong></span> <span class='ocrx_word' id='word_1_194' title='bbox 529 3419 599 3517; x_wconf 87' lang='lat' dir='ltr'><strong>legi</strong></span> <span class='ocrx_word' id='word_1_195' title='bbox 615 3423 727 3518; x_wconf 88' lang='lat' dir='ltr'><strong>possit</strong></span> <span class='ocrx_word' id='word_1_196' title='bbox 741 3451 768 3490; x_wconf 71' lang='lat' dir='ltr'><strong>n.</strong></span> 
     </span>
    </p>

    <p class='ocr_par' dir='ltr' id='par_1_5' title="bbox 92 3541 1155 3888">
     <span class='ocr_line' id='line_1_26' title="bbox 136 3541 1153 3638; baseline -0.002 -24"><span class='ocrx_word' id='word_1_197' title='bbox 136 3541 219 3614; x_wconf 70' lang='lat' dir='ltr'><strong>«Ad</strong></span> <span class='ocrx_word' id='word_1_198' title='bbox 238 3541 318 3614; x_wconf 90' lang='lat' dir='ltr'><strong>cod.</strong></span> <span class='ocrx_word' id='word_1_199' title='bbox 337 3548 375 3613; x_wconf 89' lang='lat' dir='ltr'><strong>B.</strong></span> <span class='ocrx_word' id='word_1_200' title='bbox 395 3545 523 3615; x_wconf 79' lang='lat' dir='ltr'><strong>«Alter</strong></span> <span class='ocrx_word' id='word_1_201' title='bbox 539 3543 652 3615; x_wconf 84' lang='lat' dir='ltr'><strong>codex</strong></span> <span class='ocrx_word' id='word_1_202' title='bbox 672 3544 716 3614; x_wconf 86' lang='lat' dir='ltr'><strong>de</strong></span> <span class='ocrx_word' id='word_1_203' title='bbox 728 3545 905 3628; x_wconf 79' lang='lat' dir='ltr'><strong>Amicitia,</strong></span> <span class='ocrx_word' id='word_1_204' title='bbox 926 3541 1018 3612; x_wconf 89' lang='lat' dir='ltr'><strong>in-8.</strong></span> <span class='ocrx_word' id='word_1_205' title='bbox 1033 3544 1153 3638; x_wconf 91' lang='lat' dir='ltr'><strong>Atque</strong></span> 
     </span>
     <span class='ocr_line' id='line_1_27' title="bbox 92 3663 1153 3764; baseline 0 -29"><span class='ocrx_word' id='word_1_206' title='bbox 92 3665 219 3738; x_wconf 72' lang='lat' dir='ltr'><strong>«bunc</strong></span> <span class='ocrx_word' id='word_1_207' title='bbox 236 3666 397 3764; x_wconf 89' lang='lat' dir='ltr'><strong>possedit</strong></span> <span class='ocrx_word' id='word_1_208' title='bbox 414 3666 452 3738; x_wconf 95' lang='lat' dir='ltr'><strong>b.</strong></span> <span class='ocrx_word' id='word_1_209' title='bbox 475 3673 528 3737; x_wconf 87' lang='lat' dir='ltr'><strong>Jo.</strong></span> <span class='ocrx_word' id='word_1_210' title='bbox 553 3666 684 3737; x_wconf 87' lang='lat' dir='ltr'><strong>Christ.</strong></span> <span class='ocrx_word' id='word_1_211' title='bbox 700 3665 862 3763; x_wconf 88' lang='lat' dir='ltr'><strong>Theopb.</strong></span> <span class='ocrx_word' id='word_1_212' title='bbox 882 3665 1023 3734; x_wconf 87' lang='lat' dir='ltr'><strong>Ernesti</strong></span> <span class='ocrx_word' id='word_1_213' title='bbox 1044 3679 1081 3735; x_wconf 87' lang='lat' dir='ltr'><strong>et</strong></span> <span class='ocrx_word' id='word_1_214' title='bbox 1101 3663 1153 3735; x_wconf 90' lang='lat' dir='ltr'><strong>di-</strong></span> 
     </span>
     <span class='ocr_line' id='line_1_28' title="bbox 92 3789 1155 3888; baseline 0.003 -30"><span class='ocrx_word' id='word_1_215' title='bbox 92 3791 287 3861; x_wconf 80' lang='lat' dir='ltr'><strong>«veuditus</strong></span> <span class='ocrx_word' id='word_1_216' title='bbox 306 3805 360 3862; x_wconf 90' lang='lat' dir='ltr'><strong>est</strong></span> <span class='ocrx_word' id='word_1_217' title='bbox 382 3790 528 3888; x_wconf 88' lang='lat' dir='ltr'><strong>publice</strong></span> <span class='ocrx_word' id='word_1_218' title='bbox 557 3791 663 3878; x_wconf 73' lang='lat'>1802,</span> <span class='ocrx_word' id='word_1_219' title='bbox 688 3792 825 3888; x_wconf 75' lang='lat' dir='ltr'><strong>Lipsiae.</strong></span> <span class='ocrx_word' id='word_1_220' title='bbox 847 3793 974 3860; x_wconf 85' lang='lat' dir='ltr'><strong>Literae</strong></span> <span class='ocrx_word' id='word_1_221' title='bbox 1001 3789 1155 3861; x_wconf 88' lang='lat' dir='ltr'><strong>initiales</strong></span> 
     </span>
    </p>
   </div>
   <div class='ocr_carea' id='block_1_3' title="bbox 92 3911 1155 4260">
    <p class='ocr_par' dir='ltr' id='par_1_6' title="bbox 92 3911 1155 4260">
     <span class='ocr_line' id='line_1_29' title="bbox 92 3911 1155 4014; baseline 0.003 -31"><span class='ocrx_word' id='word_1_222' title='bbox 92 3915 220 4010; x_wconf 73' lang='lat' dir='ltr'><strong>«pictae</strong></span> <span class='ocrx_word' id='word_1_223' title='bbox 241 3929 327 3986; x_wconf 91' lang='lat' dir='ltr'><strong>sunt</strong></span> <span class='ocrx_word' id='word_1_224' title='bbox 349 3915 470 3986; x_wconf 87' lang='lat' dir='ltr'><strong>colore</strong></span> <span class='ocrx_word' id='word_1_225' title='bbox 490 3915 650 3986; x_wconf 84' lang='lat' dir='ltr'><strong>riolaceo</strong></span> <span class='ocrx_word' id='word_1_226' title='bbox 670 3929 705 3985; x_wconf 89' lang='lat' dir='ltr'><strong>et</strong></span> <span class='ocrx_word' id='word_1_227' title='bbox 723 3912 848 4014; x_wconf 65' lang='lat' dir='ltr'><strong>rubrot</strong></span> <span class='ocrx_word' id='word_1_228' title='bbox 862 3911 1016 3983; x_wconf 86' lang='lat' dir='ltr'><strong>Videtur</strong></span> <span class='ocrx_word' id='word_1_229' title='bbox 1035 3914 1155 3986; x_wconf 75' lang='lat' dir='ltr'><strong>saeculi</strong></span> 
     </span>
     <span class='ocr_line' id='line_1_30' title="bbox 92 4036 1152 4134; baseline 0.002 -28"><span class='ocrx_word' id='word_1_230' title='bbox 92 4041 194 4108; x_wconf 74' lang='lat' dir='ltr'><strong>«XV.</strong></span> <span class='ocrx_word' id='word_1_231' title='bbox 216 4041 466 4134; x_wconf 72' lang='lat' dir='ltr'><strong>Quacumque</strong></span> <span class='ocrx_word' id='word_1_232' title='bbox 485 4039 614 4134; x_wconf 87' lang='lat' dir='ltr'><strong>pagiua</strong></span> <span class='ocrx_word' id='word_1_233' title='bbox 638 4036 802 4109; x_wconf 90' lang='lat' dir='ltr'><strong>versibus</strong></span> <span class='ocrx_word' id='word_1_234' title='bbox 822 4061 894 4108; x_wconf 93' lang='lat' dir='ltr'><strong>non</strong></span> <span class='ocrx_word' id='word_1_235' title='bbox 915 4039 1152 4126; x_wconf 86' lang='lat' dir='ltr'><strong>continuatis,</strong></span> 
     </span>
     <span class='ocr_line' id='line_1_31' title="bbox 93 4161 1149 4260; baseline -0.003 -26"><span class='ocrx_word' id='word_1_236' title='bbox 93 4163 178 4234; x_wconf 77' lang='lat' dir='ltr'><strong>«sed</strong></span> <span class='ocrx_word' id='word_1_237' title='bbox 195 4163 357 4236; x_wconf 87' lang='lat' dir='ltr'><strong>dissectis</strong></span> <span class='ocrx_word' id='word_1_238' title='bbox 377 4166 412 4233; x_wconf 92' lang='lat' dir='ltr'><strong>iu</strong></span> <span class='ocrx_word' id='word_1_239' title='bbox 434 4161 522 4236; x_wconf 86' lang='lat' dir='ltr'><strong>duas</strong></span> <span class='ocrx_word' id='word_1_240' title='bbox 539 4179 659 4260; x_wconf 89' lang='lat' dir='ltr'><strong>partes</strong></span> <span class='ocrx_word' id='word_1_241' title='bbox 673 4163 907 4260; x_wconf 75' lang='lat' dir='ltr'><strong>(Columnen)</strong></span> <span class='ocrx_word' id='word_1_242' title='bbox 925 4165 1055 4259; x_wconf 89' lang='lat' dir='ltr'><strong>scripta</strong></span> <span class='ocrx_word' id='word_1_243' title='bbox 1076 4177 1149 4234; x_wconf 86' lang='lat' dir='ltr'><strong>est:</strong></span> 
     </span>
    </p>
   </div>
   <div class='ocr_carea' id='block_1_4' title="bbox 0 0 1401 4888">
    <p class='ocr_par' dir='ltr' id='par_1_7' title="bbox 0 0 1401 4888">
     <span class='ocr_line' id='line_1_32' title="bbox 0 0 1401 4888; baseline 0 0"><span class='ocrx_word' id='word_1_244' title='bbox 0 0 1401 4888; x_wconf 95' lang='lat' dir='ltr'><strong> </strong></span> 
     </span>
    </p>
   </div>
   <div class='ocr_carea' id='block_1_5' title="bbox 1376 325 1393 3918">
    <p class='ocr_par' dir='ltr' id='par_1_8' title="bbox 1376 325 1393 3918">
     <span class='ocr_line' id='line_1_33' title="bbox 1376 325 1393 3918; baseline 0 0"><span class='ocrx_word' id='word_1_245' title='bbox 1376 325 1393 3918; x_wconf 95' lang='lat' dir='ltr'><strong> </strong></span> 
     </span>
    </p>
   </div>
  </div>
 </body>
</html>
