2828 4896
491 419 743 494 PRAEFA'HO.
1075 457 1146 502 xxv
1195 485 1200 494 ·

85 544 288 625 Polr'oratt'co,
316 545 478 610 Vincentt'i
506 545 732 612 Bellovacensr's
754 547 788 610 10
812 546 944 636 Speculo
968 550 1145 632 tricatus,

83 652 197 716 Alberti
209 651 250 716 de
260 651 332 736 ayt
350 651 402 740 (in
417 651 600 740 Margarita
614 660 744 741 poetica
758 654 852 720 Basil.
869 655 950 742 1495
959 657 991 743 ),
1016 661 1146 724 necnon

81 758 276 842 autunum)
296 758 890 844 oet(erum)Magont(iooansis1465,
913 783 972 850 per
996 764 1147 829 Fustium

79 885 113 926 ao
134 863 363 946 Sebelferum)
393 864 429 927 V
425 863 637 949 ea(etarum),
672 862 828 951 irte(ertae)
860 867 956 950 s(ine)
986 866 1081 954 l(oco)
1115 885 1148 936 et

78 973 186 1055 omno)
205 970 408 1058 aliarumque
423 993 474 1058 ap.
491 972 738 1062 Heusfiageros).
753 971 899 1060 Reliqua
918 989 1004 1037 notat
1023 977 1145 1040 nullum

78 1075 243 1142 habebunt
260 1077 498 1143 difficultatem.

115 1182 177 1248 Sed
194 1199 233 1247 ut
245 1184 471 1249 consuleretur
481 1184 704 1250 Philo-Tulliis
721 1205 820 1274 quam
838 1187 1003 1276 plurimis,
1016 1186 1144 1254 studui-

76 1311 143 1353 mus
159 1289 339 1355 editionem
356 1290 440 1354 hano
459 1289 572 1355 utilem
588 1289 725 1356 reddere
741 1293 859 1378 partim
881 1294 955 1356 usui
972 1296 1144 1384 magistro·

75 1418 143 1458 rum
161 1386 448 1478 scholasticorum,
466 1397 541 1483 qui,
557 1396 678 1460 'ntultis
703 1398 811 1484 iisque¹
831 1398 1066 1463 molestissimis
1086 1423 1145 1464 ne·

76 1503 163 1588 gotiis
179 1501 334 1582 districti,
357 1525 425 1566 non
445 1501 667 1590 repudiabunt
683 1523 794 1566 rerum
815 1520 1027 1594 conspectum
1048 1521 1143 1570 nota·

74 1605 203 1687 bilium,
220 1608 389 1696 inquibus
405 1605 561 1697 eligendis
576 1605 841 1696 corrigendisque
855 1631 950 1673 suum
967 1629 1144 1697 sequantur

71 1713 224 1792 judicium
243 1731 277 1778 et
296 1714 484 1795 arbitrium,
508 1714 623 1802 partim
642 1715 775 1802 privatis
796 1713 990 1780 discentium
1010 1716 1143 1800 studiis,

73 1820 123 1906 qui
140 1835 173 1884 et
188 1818 438 1884 utilissimarum
457 1819 635 1900 librorum,
654 1841 672 1882 a
693 1819 789 1883 nobis
812 1819 1038 1904 laudatorum,
1060 1824 1142 1887 acci·

72 1913 158 2014 pient
174 1928 325 1991 notitiam
343 1943 375 1991 et
390 1928 425 1990 in
441 1925 549 1991 dubiis
565 1926 729 1990 rationum
746 1926 922 1990 momentis
941 1926 982 1990 ab
1000 1944 1142 2017 utraque

72 2053 158 2124 parte
172 2023 393 2125 ponderandis
412 2051 520 2100 cotem
534 2035 722 2118 habebunt,
740 2036 775 2101 in
790 2057 855 2123 qua
873 2035 995 2126 ingenii
1013 2037 1142 2103 subtili·

71 2158 166 2210 tatem
185 2159 313 2208 acuant.

112 2253 242 2341 ltaque,
254 2273 358 2341 quum
376 2247 538 2334 majorum
558 2250 705 2342 gentium
720 2251 891 2345 philologi,
911 2255 971 2343 ipsi
993 2277 1050 2320 sua
1070 2279 1138 2320 am-

70 2357 172 2422 brosia
184 2357 348 2440 delectati,
364 2358 570 2424 secundarius
588 2359 823 2447 interpretandi
839 2377 944 2448 partes
963 2359 1030 2425 fere
1045 2379 1138 2452 agre·

71 2463 219 2527 stioribus
235 2463 336 2528 Musis
354 2464 561 2556 relinquant:
582 2486 643 2552 ego
666 2464 818 2552 quidem,
838 2464 918 2529 mibi
937 2466 970 2528 in
991 2466 1041 2529 his
1059 2467 1137 2555 ipsis

70 2569 239 2634 subsistere
256 2570 433 2636 honestum
453 2568 537 2651 lore,
556 2585 663 2649 ratus,
688 2571 882 2658 praecipuum
900 2571 1060 2636 rationem
1077 2572 1137 2636 ha·

69 2673 205 2742 bendam
222 2676 302 2744 duxi
320 2692 392 2741 tum
415 2676 591 2740 verborum
617 2675 903 2764 explicandorum,
929 2693 1000 2741 tum
1024 2700 1135 2743 rerum

69 2782 335 2858 enarrandarum‚
359 2782 536 2870 praesertim
558 2803 660 2869 quum
681 2781 805 2846 Gernb.
827 2799 946 2846 nostrae
970 2785 1138 2848 memoria

69 2887 302 2954 laudatissimus
314 2889 433 2952 horum
448 2887 608 2952 librorum
621 2887 737 2969 editor,
752 2889 787 2950 in
799 2889 926 2953 Praefat.
940 2913 1011 2978 sup.
1021 2911 1054 2978 pt
1069 2912 1134 2972 xvr,

67 2996 261 3084 scripsisset:
279 3023 292 3049 ι
304 2994 372 3076 Qui
393 2995 427 3057 in
440 2979 508 3057 'his'
519 2993 685 3057 Ciceronis
704 2993 795 3057 libris
821 2993 955 3088 edendis
979 2993 1135 3060 docuinae

66 3117 208 3188 quaerant
217 3100 403 3165 uberiorem
414 3099 675 3188 explicationem,
690 3109 793 3187 quum
806 3099 885 3164 huic
898 3100 981 3187 parti
992 3101 1134 3166 Heusin-

66 3209 130 3296 geri
151 3231 267 3297 parum
286 3206 510 3271 consuluerint
532 3228 639 3294 neque
659 3206 686 3271 J.
710 3205 909 3270 Facciolatus
927 3207 1134 3292 satisfecerit,

65 3316 104 3398 ii,
125 3313 216 3402 quod
235 3312 359 3392 sentio,
379 3334 477 3399 quam
495 3311 597 3374 multa
615 3311 791 3375 etiamnum
815 3310 1029 3384 desideraturi
1050 3313 1133 3395 sint,

64 3420 268 3486 meminerint
278 3418 421 3494 consilii,
434 3416 524 3504 quod
536 3417 895 3506 Dan.Wyttenbachius
906 3417 1032 3482 dudum
1046 3421 1133 3508 cepit

64 3524 262 3590 edendorum
280 3521 413 3612 quidem
427 3521 600 3611 aliquando
618 3522 738 3586 horum
755 3522 914 3587 librorum
932 3523 1061 3588 adeam
1079 3547 1131 3588 10-

63 3633 198 3712 tionem,
211 3647 250 3695 ut
263 3628 439 3694 emendatae
453 3629 585 3694 lectioni
597 3645 842 3718 superstruatur
860 3628 1016 3694 doctrinae
1032 3630 1133 3694 inter·
1219 3617 1225 3630 ’

61 3737 197 3825 pretatio
219 3735 417 3816 accuratior,
445 3734 543 3806 ducta
575 3758 593 3798 e
625 3734 771 3798 fontibus
801 3751 949 3798 veterum
965 3731 968 3738 ’
984 3733 1130 3821 philoso-

62 3843 236 3928 phorum.
261 3840 324 3904 Cui
339 3840 500 3928 promisso
522 3860 627 3927 quum
641 3837 914 3926 Wyttenbacltius
939 3861 1007 3901 nou
1028 3842 1129 3930 magis

62 3947 267 4026 satisfecerit,
284 3967 382 4033 quam
400 3944 560 4009 Panaetius
577 3942 628 4026 id,
647 3942 738 4033 quod
759 3943 800 4008 de
822 3944 915 4008 tertia
939 3945 1131 4033 exquirendi

62 4050 156 4116 officii
174 4066 266 4139 parte
283 4048 447 4139 pollicitus
469 4050 594 4132 suerat,
608 4038 774 4114 ‘exsolvitz
800 4057 860 4112 nos
884 4049 949 4128 jam
974 4067 1049 4139 post
1070 4053 1130 4116 viri

62 4155 184 4220 obitum
201 4156 287 4219 hanc
305 4154 447 4220 relictam
464 4171 589 4242 partem
604 4171 784 4241 utcumque
798 4154 926 4242 explere
943 4157 1051 4218 conati
1073 4179 1129 4220 su-

130 4265 191 4334 vl.
219 4280 265 4325 cic.
278 4279 420 4343 perstertia.
983 4261 1006 4330 b
