2770 4888
383 375 450 451 ne
472 373 805 446 nnuoonnrffls.
862 343 866 354 ’
1038 393 1132 440 xxxv

69 495 220 560 orationis
238 493 351 583 vigore
367 510 405 558 ut
420 495 555 563 aliarum
578 491 756 584 figurarum
778 491 870 556 sedes
887 507 952 574 est,
970 491 1018 556 sic
1029 493 1131 558 ειιιιιιι

67 600 251 666 anacoluthi
267 599 359 664 initia
375 598 667 688 deprehenduntur
676 599 771 664 latius
787 597 906 664 sena'tn
919 598 1080 686 serpentia
1091 596 1132 662 ad

68 707 310 772 insolentiorem
326 691 531 772 locutionum
547 705 817 794 discrepantiam,
847 705 897 770 rel
918 705 1132 801 permutatio·

71 836 160 896 nem,
183 813 235 878 vel
258 813 510 878 confusionem:
529 835 601 902 que
619 835 723 902 quum
736 813 771 876 in
789 812 879 900 poesi
895 835 1027 876 sensum
1041 811 1133 876 oble·

68 937 153 984 ctare
177 919 393 1003 existimatur,
409 919 526 985 eodem
545 920 636 1003 jure,
655 920 683 984 si
707 919 929 1008 cognitionem
954 917 1133 999 adjuverit,

71 1049 171 1114 proso
187 1027 329 1092 οιιιιοιιι
345 1025 558 1108 concedetur3
575 1043 673 1116 atque
685 1027 729 1092 ita
747 1027 809 1091 erit
824 1026 896 1108 ejus
909 1047 989 1090 usus
1002 1045 1134 1112 quoque

70 1129 139 1196 loeo
155 1132 360 1220 aptissimus,
384 1147 422 1197 ut
441 1133 582 1198 maxim
599 1133 641 1198 ab
663 1133 820 1198 orationis
840 1148 956 1198 neutra
978 1127 1135 1220 suppedi-

72 1252 153 1304 tatus
168 1238 334 1304 videbitur
341 1240 616 1329 ‚plurimumque
630 1239 673 1305 ad
690 1239 936 1330 intelligentiam
951 1239 1065 1302 afferet
1082 1233 1136 1299 ad·

69 1344 217 1423 jumenti.
230 1344 407 1432 Reliquum
423 1363 486 1428 est,
503 1362 544 1411 ut
559 1369 612 1424 ee,
639 1369 713 1435 quae
729 1347 764 1410 in
780 1345 870 1412 libris
887 1343 928 1409 de
943 1339 1092 1410 Officiis
1083 1363 1137 1406 su-

1 1499 2 1504 η
72 1452 256 1556 veniuntur,
276 1450 417 1530 cujusvis
429 1454 498 1518 fere
512 1453 639 1543 generis
654 1452 847 1520 anacolutha
861 1449 977 1518 ordine
993 1447 1137 1539 quodam

72 1557 265 1647 dtgmmus.
293 1559 351 1625 Est
374 1576 483 1626 autern
501 1562 536 1626 in
558 1585 595 1626 ea
616 1583 652 1626 re
677 1577 709 1625 et
729 1562 819 1650 prior
840 1561 965 1626 locutio
986 1556 1137 1624 conside·
1222 1590 1229 1603 ι

73 1663 169 1730 tanda
175 1689 274 1754 ,quoe
286 1667 416 1732 ulterius
428 1667 566 1733 formam
579 1666 753 1756 quamdam
767 1669 884 1732 ιιιιιιιι
893 1665 1137 1787 exspectaverit,

1 1845 2 1866 1
74 1785 103 1834 et
114 1773 287 1858 posterior,
305 1795 379 1861 quie
388 1773 489 1862 priori
499 1775 608 1840 minus
620 1773 827 1864 respondeat.
840 1775 889 1838 Ae
902 1773 993 1862 prior
1005 1769 1139 1860 quidem
1224 1761 1234 1785 ⁸

74 1878 253 1942 enuntiatio
271 1895 327 1943 aut
339 1879 410 1944 talis
428 1896 495 1963 est,
507 1898 564 1964 ut,
581 1905 685 1970 quum
704 1882 773 1970 ipsa
789 1903 849 1970 per
869 1901 904 1946 ae
926 1878 1068 1969 perfecta
1083 1876 1139 1957 sit,

75 1995 179 2046 umen
189 1983 526 2078 alterum-sententiam
535 1987 613 2052 velit
625 1987 667 2052 ad
681 2009 772 2051 suam
784 1986 923 2050 fonnem
929 2007 1002 2050 esse
1011 2005 1141 2048 ancon-

73 2085 262 2154 nodatam:
279 2107 350 2172 aut,
360 2091 389 2154 si
403 2091 471 2180 ipsa
490 2092 641 2160 inchoata
658 2109 723 2175 est,
744 2091 844 2158 finem
862 2107 1025 2181 exspectat
1043 2113 1140 2166 curn,
1254 2167 1257 2178 ¹

74 2215 139 2279 qno
154 2217 215 2261 aue
230 2195 337 2262 forma
357 2219 415 2279 eo,
439 2219 507 2285 quo
533 2215 689 2287 coeperat,
716 2198 818 2264 modo
848 2197 1022 2288 expientur.
1055 2197 1142 2260 Huic

77 2301 206 2388 utrique
231 2303 351 2366 rationi
370 2304 397 2368 si
420 2305 585 2392 posterior
600 2305 782 2370 enuntiatio
799 2305 909 2370 minus
932 2303 1143 2385 satisfecerit,

78 2403 193 2494 duplex
203 2408 331 2474 exsistit
352 2409 627 2476 anacoluthorunr
644 2433 758 2500 genus.
774 2412 885 2476 Unum
902 2411 999 2476 estin
1017 2409 1144 2474 diversa

75 2513 299 2578 membrorum
310 2515 515 2603 integrorum
529 2516 790 2581 conformatione
805 2540 814 2581 :
831 2518 864 2584 in
878 2538 941 2605 qua
954 2516 1143 2606 posterioris

80 2617 214 2684 menrbri
230 2619 336 2686 forma
356 2620 467 2708 aliquo
483 2619 584 2686 modo
599 2645 618 2684 a
634 2621 737 2710 priori
751 2621 887 2707 recedit,
905 2645 1012 2711 quum
1030 2643 1144 2711 exspe-

80 2739 219 2793 ctaretur
250 2727 406 2808 omnibus
433 2727 580 2817 partibus
609 2727 654 2796 illi
683 2729 881 2794 conradens
911 2729 1053 2812 locutio,
1076 2729 1144 2795 sire

81 2832 245 2919 proxime,
258 2833 324 2898 sire
338 2851 414 2921 post
425 2832 626 2912 interjectam
639 2835 732 2898 aliam
749 2833 1006 2899 enuntiationem
1022 2855 1146 2922 sequu-
1269 2880 1275 2890 x
1383 2891 1384 2904 ,

81 2951 159 3004 trra.
179 2939 227 3002 Ut·
248 2935 289 3002 de
309 2937 404 3006 offic.
426 2937 518 3020 1,3‚
541 2936 586 3004 8:
606 2940 735 3026 astque
764 2961 801 3002 ea
827 2937 875 3002 sio
901 2937 1079 3023 deliniunt,
1109 2956 1147 3006 ut

81 3059 204 3110 rectum
220 3041 311 3131 quod
325 3043 380 3125 sit,
397 3042 432 3108 id
442 3043 625 3132 perfectum¹
637 3042 784 3108 officium
798 3065 867 3108 esse
879 3041 1057 3110 deliniant:
1082 3067 1147 3112 tne-

82 3147 169 3220 dium
182 3165 293 3216 autern
306 3147 504 3216 officiumid
520 3173 589 3216 esse
605 3149 735 3232 dicunt,
754 3147 847 3238 quod
867 3174 927 3215 cur
944 3150 1069 3218 facturn
1087 3153 1146 3236 sit,

83 3257 160 3320 ratio
176 3255 456 3345 probabilisreddi
472 3256 603 3344 possit..
620 3253 704 3321 lbid.
716 3255 750 3339 Ι,
767 3279 823 3343 19,
842 3257 904 3335 64:
920 3285 935 3314 α
950 3257 997 3322 Ex
1012 3281 1080 3346 quo
1094 3257 1159 3340 fit„

83 3379 117 3430 ut
134 3385 244 3451 neque
270 3361 502 3452 disceptatione
521 3363 607 3428 vinci
621 3386 671 3446 se,
699 3386 762 3428 uec
777 3364 846 3428 ullo
861 3363 993 3453 publico
1011 3386 1049 3428 ac
1068 3364 1147 3454 legi·

1 3475 2 3482 ’
83 3469 161 3536 timo
177 3470 251 3550 jure
269 3469 434 3557 patiantur
452 3469 701 3558 t'exsistuntque
718 3472 751 3537 in
771 3470 938 3560 republica
954 3469 1169 3559 plerumque·

82 3575 265 3665 largitores,
279 3593 341 3642 etc.
353 3607 367 3636 s
384 3578 422 3640 ln
439 3593 582 3666 utroque
595 3579 669 3643 loeo
687 3578 825 3642 alterum
842 3577 1047 3661 membrum,
1072 3601 1149 3644 oon·

81 3681 250 3760 junctione
265 3696 302 3747 ut
316 3684 477 3774 neglecta,
494 3707 534 3748 ex
548 3682 714 3750 indicativi
730 3707 793 3751 usu
809 3685 857 3749 sic
872 3685 949 3750 satis
967 3684 1149 3773 frequenti,

83 3811 157 3856 eum
180 3789 340 3878 primariae
367 3790 601 3856 enuntiationis
629 3792 749 3880 specie,
766 3789 1031 3882 rigorisaliquid
1052 3792 1153 3858 refert

85 3911 114 3960 et
127 3895 310 3963 eheritatis.
332 3897 425 3962 Hanc
444 3897 667 3965 membrorum
684 3897 991 3988 distinguendomtn
1008 3917 1153 3964 eonsue-

87 3999 231 4068 tudinem
244 4003 303 4092 qui
312 4025 382 4068 non
394 4001 659 4086 recordarentur,
670 4003 714 4068 ad
732 4004 927 4070 severiorem
939 3997 1156 4070 construendi

87 4109 242 4179 neonem
271 4111 520 4177 eonvenientius
547 4109 756 4178 scribendum
785 4125 937 4200 putarent
963 4111 1089 4191 cocant,
1120 4105 1161 4167 in
