<?xml version="1.0" encoding="UTF-8"?>
<!DOCTYPE html PUBLIC "-//W3C//DTD XHTML 1.0 Transitional//EN"
    "http://www.w3.org/TR/xhtml1/DTD/xhtml1-transitional.dtd">
<html xmlns="http://www.w3.org/1999/xhtml" xml:lang="en" lang="en">
 <head>
  <title>
</title>
<meta http-equiv="Content-Type" content="text/html;charset=utf-8" />
  <meta name='ocr-system' content='tesseract 3.04.00' />
  <meta name='ocr-capabilities' content='ocr_page ocr_carea ocr_par ocr_line ocrx_word'/>
</head>
<body>
  <div class='ocr_page' id='page_1' title='image "bibliothecaclas95lemagoog_0028.png"; bbox 0 0 2770 4888; ppageno 0'>
   <div class='ocr_carea' id='block_1_1' title="bbox 1 479 1128 1704">
    <p class='ocr_par' dir='ltr' id='par_1_1' title="bbox 59 479 1128 1458">
     <span class='ocr_line' id='line_1_1' title="bbox 432 479 1128 575; baseline 0.006 -27"><span class='ocrx_word' id='word_1_1' title='bbox 432 479 740 552; x_wconf 84' lang='lat' dir='ltr'><strong>PRAEMONITIO.</strong></span> <span class='ocrx_word' id='word_1_2' title='bbox 1055 483 1128 575; x_wconf 71' lang='lat' dir='ltr'><strong>xxj</strong></span> 
     </span>
     <span class='ocr_line' id='line_1_2' title="bbox 76 615 1121 715; baseline 0.005 -32"><span class='ocrx_word' id='word_1_3' title='bbox 76 618 168 712; x_wconf 87' lang='lat' dir='ltr'><strong>nique</strong></span> <span class='ocrx_word' id='word_1_4' title='bbox 184 615 356 704; x_wconf 90' lang='lat' dir='ltr'><strong>aliorum,</strong></span> <span class='ocrx_word' id='word_1_5' title='bbox 384 619 422 685; x_wconf 90' lang='lat' dir='ltr'><strong>in</strong></span> <span class='ocrx_word' id='word_1_6' title='bbox 447 617 573 715; x_wconf 89' lang='lat' dir='ltr'><strong>primis</strong></span> <span class='ocrx_word' id='word_1_7' title='bbox 596 619 703 688; x_wconf 87' lang='lat' dir='ltr'><strong>Ennii</strong></span> <span class='ocrx_word' id='word_1_8' title='bbox 725 617 894 715; x_wconf 84' lang='lat' dir='ltr'><strong>exemplo</strong></span> <span class='ocrx_word' id='word_1_9' title='bbox 914 621 1121 715; x_wconf 88' lang='lat' dir='ltr'><strong>proposito,</strong></span> 
     </span>
     <span class='ocr_line' id='line_1_3' title="bbox 71 737 1122 834; baseline 0.004 -26"><span class='ocrx_word' id='word_1_10' title='bbox 71 738 157 834; x_wconf 86' lang='lat' dir='ltr'><strong>quod</strong></span> <span class='ocrx_word' id='word_1_11' title='bbox 185 737 292 810; x_wconf 90' lang='lat' dir='ltr'><strong>docet</strong></span> <span class='ocrx_word' id='word_1_12' title='bbox 327 763 401 810; x_wconf 91' lang='lat' dir='ltr'><strong>nou</strong></span> <span class='ocrx_word' id='word_1_13' title='bbox 432 742 597 812; x_wconf 82' lang='lat' dir='ltr'><strong>miseram</strong></span> <span class='ocrx_word' id='word_1_14' title='bbox 626 765 704 813; x_wconf 84' lang='lat' dir='ltr'><strong>esse</strong></span> <span class='ocrx_word' id='word_1_15' title='bbox 733 755 970 826; x_wconf 86' lang='lat' dir='ltr'><strong>senectutem,</strong></span> <span class='ocrx_word' id='word_1_16' title='bbox 995 763 1122 814; x_wconf 84' lang='lat' dir='ltr'><strong>omnes</strong></span> 
     </span>
     <span class='ocr_line' id='line_1_4' title="bbox 67 865 1124 961; baseline 0.002 -29"><span class='ocrx_word' id='word_1_17' title='bbox 67 886 187 948; x_wconf 70' lang='lat' dir='ltr'><strong>cauus,</strong></span> <span class='ocrx_word' id='word_1_18' title='bbox 206 887 272 936; x_wconf 89' lang='lat' dir='ltr'><strong>cur</strong></span> <span class='ocrx_word' id='word_1_19' title='bbox 284 879 407 934; x_wconf 91' lang='lat' dir='ltr'><strong>tamen</strong></span> <span class='ocrx_word' id='word_1_20' title='bbox 422 865 545 937; x_wconf 87' lang='lat' dir='ltr'><strong>multis</strong></span> <span class='ocrx_word' id='word_1_21' title='bbox 562 865 693 939; x_wconf 87' lang='lat' dir='ltr'><strong>misera</strong></span> <span class='ocrx_word' id='word_1_22' title='bbox 707 865 884 951; x_wconf 85' lang='lat' dir='ltr'><strong>videatur,</strong></span> <span class='ocrx_word' id='word_1_23' title='bbox 899 865 1124 961; x_wconf 77' lang='lat' dir='ltr'><strong>ordineque-</strong></span> 
     </span>
     <span class='ocr_line' id='line_1_5' title="bbox 64 985 1122 1086; baseline 0.003 -31"><span class='ocrx_word' id='word_1_24' title='bbox 64 985 136 1057; x_wconf 88' lang='lat' dir='ltr'><strong>dam</strong></span> <span class='ocrx_word' id='word_1_25' title='bbox 150 987 313 1086; x_wconf 85' lang='lat' dir='ltr'><strong>colligat,</strong></span> <span class='ocrx_word' id='word_1_26' title='bbox 331 1002 368 1059; x_wconf 89' lang='lat' dir='ltr'><strong>ct</strong></span> <span class='ocrx_word' id='word_1_27' title='bbox 386 991 490 1086; x_wconf 89' lang='lat' dir='ltr'><strong>quasi</strong></span> <span class='ocrx_word' id='word_1_28' title='bbox 505 989 626 1060; x_wconf 88' lang='lat' dir='ltr'><strong>animo</strong></span> <span class='ocrx_word' id='word_1_29' title='bbox 640 987 686 1060; x_wconf 88' lang='lat' dir='ltr'><strong>ad</strong></span> <span class='ocrx_word' id='word_1_30' title='bbox 702 987 943 1060; x_wconf 84' lang='lat' dir='ltr'><strong>difficiliorem</strong></span> <span class='ocrx_word' id='word_1_31' title='bbox 960 989 1122 1085; x_wconf 72' lang='lat' dir='ltr'><strong>quaestio</strong></span> 
     </span>
     <span class='ocr_line' id='line_1_6' title="bbox 62 1112 1121 1212; baseline 0.001 -31"><span class='ocrx_word' id='word_1_32' title='bbox 62 1133 135 1182; x_wconf 89' lang='lat' dir='ltr'><strong>nem</strong></span> <span class='ocrx_word' id='word_1_33' title='bbox 163 1116 382 1211; x_wconf 86' lang='lat' dir='ltr'><strong>composito,</strong></span> <span class='ocrx_word' id='word_1_34' title='bbox 411 1113 571 1212; x_wconf 86' lang='lat' dir='ltr'><strong>singulas</strong></span> <span class='ocrx_word' id='word_1_35' title='bbox 599 1115 771 1185; x_wconf 89' lang='lat' dir='ltr'><strong>continua</strong></span> <span class='ocrx_word' id='word_1_36' title='bbox 799 1113 964 1184; x_wconf 81' lang='lat' dir='ltr'><strong>oratioue</strong></span> <span class='ocrx_word' id='word_1_37' title='bbox 994 1112 1076 1182; x_wconf 86' lang='lat' dir='ltr'><strong>inde</strong></span> <span class='ocrx_word' id='word_1_38' title='bbox 1101 1135 1121 1182; x_wconf 86' lang='lat' dir='ltr'><strong>a</strong></span> 
     </span>
     <span class='ocr_line' id='line_1_7' title="bbox 61 1233 1122 1334; baseline 0.002 -30"><span class='ocrx_word' id='word_1_39' title='bbox 61 1259 127 1332; x_wconf 71' lang='lat' dir='ltr'><strong>up.</strong></span> <span class='ocrx_word' id='word_1_40' title='bbox 141 1235 165 1308; x_wconf 89' lang='lat'>6</span> <span class='ocrx_word' id='word_1_41' title='bbox 180 1233 328 1307; x_wconf 85' lang='lat' dir='ltr'><strong>refellat.</strong></span> <span class='ocrx_word' id='word_1_42' title='bbox 356 1241 396 1307; x_wconf 89' lang='lat' dir='ltr'><strong>ln</strong></span> <span class='ocrx_word' id='word_1_43' title='bbox 418 1235 487 1308; x_wconf 92' lang='lat' dir='ltr'><strong>hac</strong></span> <span class='ocrx_word' id='word_1_44' title='bbox 509 1237 674 1334; x_wconf 77' lang='lat' dir='ltr'><strong>pleniore</strong></span> <span class='ocrx_word' id='word_1_45' title='bbox 702 1250 738 1308; x_wconf 89' lang='lat' dir='ltr'><strong>et</strong></span> <span class='ocrx_word' id='word_1_46' title='bbox 765 1237 999 1334; x_wconf 83' lang='lat' dir='ltr'><strong>explicatiorc</strong></span> <span class='ocrx_word' id='word_1_47' title='bbox 1026 1259 1122 1332; x_wconf 84' lang='lat' dir='ltr'><strong>quae·</strong></span> 
     </span>
     <span class='ocr_line' id='line_1_8' title="bbox 59 1359 1120 1458; baseline 0.003 -30"><span class='ocrx_word' id='word_1_48' title='bbox 59 1359 188 1446; x_wconf 89' lang='lat' dir='ltr'><strong>stione,</strong></span> <span class='ocrx_word' id='word_1_49' title='bbox 215 1359 304 1430; x_wconf 90' lang='lat' dir='ltr'><strong>dum</strong></span> <span class='ocrx_word' id='word_1_50' title='bbox 333 1373 518 1457; x_wconf 87' lang='lat' dir='ltr'><strong>tamquam</strong></span> <span class='ocrx_word' id='word_1_51' title='bbox 551 1360 597 1432; x_wconf 88' lang='lat' dir='ltr'><strong>de</strong></span> <span class='ocrx_word' id='word_1_52' title='bbox 624 1362 765 1458; x_wconf 86' lang='lat' dir='ltr'><strong>integro</strong></span> <span class='ocrx_word' id='word_1_53' title='bbox 802 1385 879 1432; x_wconf 86' lang='lat' dir='ltr'><strong>rem</strong></span> <span class='ocrx_word' id='word_1_54' title='bbox 913 1361 1120 1457; x_wconf 83' lang='lat' dir='ltr'><strong>cognoscit,</strong></span> 
     </span>
    </p>

    <p class='ocr_par' dir='ltr' id='par_1_2' title="bbox 1 1482 1120 1704">
     <span class='ocr_line' id='line_1_9' title="bbox 1 1482 1120 1584; baseline 0.001 -32"><span class='ocrx_word' id='word_1_55' title='bbox 1 1571 2 1582; x_wconf 9' lang='grc' dir='ltr'>ἵ</span> <span class='ocrx_word' id='word_1_56' title='bbox 61 1482 184 1554; x_wconf 85' lang='lat' dir='ltr'>laxiore</span> <span class='ocrx_word' id='word_1_57' title='bbox 203 1507 370 1554; x_wconf 84' lang='lat' dir='ltr'>sermone</span> <span class='ocrx_word' id='word_1_58' title='bbox 391 1482 538 1571; x_wconf 88' lang='lat' dir='ltr'><strong>relicto,</strong></span> <span class='ocrx_word' id='word_1_59' title='bbox 565 1485 657 1554; x_wconf 88' lang='lat' dir='ltr'><strong>viam</strong></span> <span class='ocrx_word' id='word_1_60' title='bbox 678 1485 922 1584; x_wconf 84' lang='lat' dir='ltr'><strong>praescriptam</strong></span> <span class='ocrx_word' id='word_1_61' title='bbox 944 1487 1120 1581; x_wconf 87' lang='lat' dir='ltr'><strong>sequitur,</strong></span> 
     </span>
     <span class='ocr_line' id='line_1_10' title="bbox 59 1604 1118 1704; baseline 0 -27"><span class='ocrx_word' id='word_1_62' title='bbox 59 1632 130 1704; x_wconf 71' lang='lat' dir='ltr'><strong>quae</strong></span> <span class='ocrx_word' id='word_1_63' title='bbox 147 1621 268 1678; x_wconf 84' lang='lat' dir='ltr'><strong>tamen</strong></span> <span class='ocrx_word' id='word_1_64' title='bbox 291 1604 539 1679; x_wconf 77' lang='lat' dir='ltr'><strong>familiaritatis</strong></span> <span class='ocrx_word' id='word_1_65' title='bbox 553 1609 672 1678; x_wconf 91' lang='lat' dir='ltr'><strong>minus</strong></span> <span class='ocrx_word' id='word_1_66' title='bbox 688 1609 837 1680; x_wconf 80' lang='lat' dir='ltr'><strong>curiosae</strong></span> <span class='ocrx_word' id='word_1_67' title='bbox 856 1623 891 1680; x_wconf 91' lang='lat' dir='ltr'><strong>et</strong></span> <span class='ocrx_word' id='word_1_68' title='bbox 907 1607 949 1679; x_wconf 90' lang='lat' dir='ltr'><strong>ad</strong></span> <span class='ocrx_word' id='word_1_69' title='bbox 971 1632 1047 1679; x_wconf 90' lang='lat' dir='ltr'><strong>rem</strong></span> <span class='ocrx_word' id='word_1_70' title='bbox 1066 1623 1118 1678; x_wconf 90' lang='lat' dir='ltr'><strong>at·</strong></span> 
     </span>
    </p>
   </div>
   <div class='ocr_carea' id='block_1_2' title="bbox 1 1709 1119 2450">
    <p class='ocr_par' dir='ltr' id='par_1_3' title="bbox 1 1709 1119 2450">
     <span class='ocr_line' id='line_1_11' title="bbox 59 1709 1119 1830; baseline 0.001 -29"><span class='ocrx_word' id='word_1_71' title='bbox 59 1745 155 1801; x_wconf 84' lang='lat' dir='ltr'><strong>tentae</strong></span> <span class='ocrx_word' id='word_1_72' title='bbox 181 1732 396 1804; x_wconf 85' lang='lat' dir='ltr'><strong>suavitatem</strong></span> <span class='ocrx_word' id='word_1_73' title='bbox 424 1731 532 1810; x_wconf 89' lang='lat' dir='ltr'><strong>etiam</strong></span> <span class='ocrx_word' id='word_1_74' title='bbox 559 1757 579 1804; x_wconf 93' lang='lat' dir='ltr'><strong>e</strong></span> <span class='ocrx_word' id='word_1_75' title='bbox 603 1709 698 1803; x_wconf 75' lang='lat' dir='ltr'><strong>senis</strong></span> <span class='ocrx_word' id='word_1_76' title='bbox 721 1731 877 1828; x_wconf 88' lang='lat' dir='ltr'><strong>quadam</strong></span> <span class='ocrx_word' id='word_1_77' title='bbox 903 1733 1119 1830; x_wconf 85' lang='lat' dir='ltr'><strong>loquacitate</strong></span> 
     </span>
     <span class='ocr_line' id='line_1_12' title="bbox 59 1853 1119 1954; baseline 0 -30"><span class='ocrx_word' id='word_1_78' title='bbox 59 1853 190 1926; x_wconf 88' lang='lat' dir='ltr'><strong>retinet.</strong></span> <span class='ocrx_word' id='word_1_79' title='bbox 206 1855 376 1942; x_wconf 78' lang='lat' dir='ltr'><strong>Accedit,</strong></span> <span class='ocrx_word' id='word_1_80' title='bbox 394 1854 494 1953; x_wconf 91' lang='lat' dir='ltr'><strong>quod</strong></span> <span class='ocrx_word' id='word_1_81' title='bbox 515 1860 622 1940; x_wconf 88' lang='lat' dir='ltr'><strong>Cato,</strong></span> <span class='ocrx_word' id='word_1_82' title='bbox 646 1853 734 1925; x_wconf 88' lang='lat' dir='ltr'><strong>dum</strong></span> <span class='ocrx_word' id='word_1_83' title='bbox 752 1869 911 1954; x_wconf 88' lang='lat' dir='ltr'><strong>quatuor</strong></span> <span class='ocrx_word' id='word_1_84' title='bbox 925 1856 1009 1926; x_wconf 87' lang='lat' dir='ltr'><strong>istas</strong></span> <span class='ocrx_word' id='word_1_85' title='bbox 1023 1857 1119 1924; x_wconf 89' lang='lat' dir='ltr'><strong>vitu-</strong></span> 
     </span>
     <span class='ocr_line' id='line_1_13' title="bbox 1 1977 1119 2076; baseline -0.001 -29"><span class='ocrx_word' id='word_1_86' title='bbox 1 1995 2 2038; x_wconf 63' lang='lat' dir='ltr'><strong>t</strong></span> <span class='ocrx_word' id='word_1_87' title='bbox 59 1979 254 2074; x_wconf 79' lang='lat' dir='ltr'><strong>parationes</strong></span> <span class='ocrx_word' id='word_1_88' title='bbox 276 1980 479 2076; x_wconf 84' lang='lat' dir='ltr'><strong>cognoscit,</strong></span> <span class='ocrx_word' id='word_1_89' title='bbox 506 1979 541 2049; x_wconf 94' lang='lat' dir='ltr'><strong>in</strong></span> <span class='ocrx_word' id='word_1_90' title='bbox 567 1977 836 2050; x_wconf 85' lang='lat' dir='ltr'><strong>altercationem</strong></span> <span class='ocrx_word' id='word_1_91' title='bbox 860 1981 964 2075; x_wconf 90' lang='lat' dir='ltr'><strong>quasi</strong></span> <span class='ocrx_word' id='word_1_92' title='bbox 991 2001 1119 2074; x_wconf 90' lang='lat' dir='ltr'><strong>quam-</strong></span> 
     </span>
     <span class='ocr_line' id='line_1_14' title="bbox 1 2099 1118 2200; baseline 0.003 -30"><span class='ocrx_word' id='word_1_93' title='bbox 1 2173 2 2184; x_wconf 37' lang='lat'><strong>,</strong></span> <span class='ocrx_word' id='word_1_94' title='bbox 60 2100 131 2170; x_wconf 90' lang='lat' dir='ltr'><strong>dam</strong></span> <span class='ocrx_word' id='word_1_95' title='bbox 152 2127 234 2173; x_wconf 91' lang='lat' dir='ltr'><strong>cum</strong></span> <span class='ocrx_word' id='word_1_96' title='bbox 251 2104 446 2174; x_wconf 88' lang='lat' dir='ltr'><strong>senectutis</strong></span> <span class='ocrx_word' id='word_1_97' title='bbox 464 2100 672 2174; x_wconf 88' lang='lat' dir='ltr'><strong>adversariis</strong></span> <span class='ocrx_word' id='word_1_98' title='bbox 685 2102 832 2190; x_wconf 85' lang='lat' dir='ltr'><strong>incidit,</strong></span> <span class='ocrx_word' id='word_1_99' title='bbox 855 2126 950 2200; x_wconf 87' lang='lat' dir='ltr'><strong>quos</strong></span> <span class='ocrx_word' id='word_1_100' title='bbox 964 2099 1118 2173; x_wconf 90' lang='lat' dir='ltr'><strong>subinde</strong></span> 
     </span>
     <span class='ocr_line' id='line_1_15' title="bbox 60 2217 1117 2326; baseline 0.005 -35"><span class='ocrx_word' id='word_1_101' title='bbox 60 2225 125 2321; x_wconf 86' lang='lat' dir='ltr'><strong>ipsc</strong></span> <span class='ocrx_word' id='word_1_102' title='bbox 139 2225 207 2296; x_wconf 89' lang='lat' dir='ltr'><strong>sibi</strong></span> <span class='ocrx_word' id='word_1_103' title='bbox 220 2223 326 2323; x_wconf 84' lang='lat' dir='ltr'><strong>fingit</strong></span> <span class='ocrx_word' id='word_1_104' title='bbox 341 2225 583 2326; x_wconf 88' lang='lat' dir='ltr'><strong>respondere,</strong></span> <span class='ocrx_word' id='word_1_105' title='bbox 597 2217 697 2300; x_wconf 86' lang='lat' dir='ltr'><strong>suam</strong></span> <span class='ocrx_word' id='word_1_106' title='bbox 712 2251 855 2297; x_wconf 90' lang='lat' dir='ltr'><strong>causam</strong></span> <span class='ocrx_word' id='word_1_107' title='bbox 870 2223 1117 2315; x_wconf 84' lang='lat' dir='ltr'><strong>defendendo,</strong></span> 
     </span>
     <span class='ocr_line' id='line_1_16' title="bbox 60 2345 1119 2450; baseline 0.003 -35"><span class='ocrx_word' id='word_1_108' title='bbox 60 2347 109 2417; x_wconf 82' lang='lat' dir='ltr'><strong>vel</strong></span> <span class='ocrx_word' id='word_1_109' title='bbox 132 2373 244 2420; x_wconf 88' lang='lat' dir='ltr'><strong>novas</strong></span> <span class='ocrx_word' id='word_1_110' title='bbox 270 2351 519 2446; x_wconf 82' lang='lat' dir='ltr'><strong>querimonias</strong></span> <span class='ocrx_word' id='word_1_111' title='bbox 548 2349 839 2450; x_wconf 85' lang='lat' dir='ltr'><strong>interponendo:</strong></span> <span class='ocrx_word' id='word_1_112' title='bbox 867 2365 909 2420; x_wconf 92' lang='lat' dir='ltr'><strong>ut</strong></span> <span class='ocrx_word' id='word_1_113' title='bbox 934 2352 953 2443; x_wconf 77' lang='lat' dir='ltr'>S</span> <span class='ocrx_word' id='word_1_114' title='bbox 976 2371 1033 2438; x_wconf 82' lang='lat' dir='ltr'><strong>at,</strong></span> <span class='ocrx_word' id='word_1_115' title='bbox 1055 2345 1119 2434; x_wconf 85' lang='lat'><strong>33,</strong></span> 
     </span>
    </p>
   </div>
   <div class='ocr_carea' id='block_1_3' title="bbox 1 2468 1125 4276">
    <p class='ocr_par' dir='ltr' id='par_1_4' title="bbox 1 2468 1121 2817">
     <span class='ocr_line' id='line_1_17' title="bbox 60 2468 1116 2570; baseline 0.001 -31"><span class='ocrx_word' id='word_1_116' title='bbox 60 2468 115 2556; x_wconf 82' lang='lat'><strong>35,</strong></span> <span class='ocrx_word' id='word_1_117' title='bbox 130 2475 189 2569; x_wconf 69' lang='lat'><strong>47,</strong></span> <span class='ocrx_word' id='word_1_118' title='bbox 210 2470 277 2556; x_wconf 84' lang='lat'><strong>65,</strong></span> <span class='ocrx_word' id='word_1_119' title='bbox 305 2474 363 2544; x_wconf 87' lang='grc'><strong>68.</strong></span> <span class='ocrx_word' id='word_1_120' title='bbox 390 2475 478 2563; x_wconf 84' lang='lat' dir='ltr'><strong>Quae</strong></span> <span class='ocrx_word' id='word_1_121' title='bbox 502 2475 690 2544; x_wconf 91' lang='lat' dir='ltr'><strong>contentio</strong></span> <span class='ocrx_word' id='word_1_122' title='bbox 710 2497 784 2543; x_wconf 91' lang='lat' dir='ltr'><strong>non</strong></span> <span class='ocrx_word' id='word_1_123' title='bbox 803 2487 921 2570; x_wconf 92' lang='lat' dir='ltr'><strong>potest</strong></span> <span class='ocrx_word' id='word_1_124' title='bbox 940 2469 1116 2542; x_wconf 87' lang='lat' dir='ltr'><strong>nonnulla</strong></span> 
     </span>
     <span class='ocr_line' id='line_1_18' title="bbox 59 2593 1119 2695; baseline 0.003 -32.844"><span class='ocrx_word' id='word_1_125' title='bbox 59 2609 231 2690; x_wconf 87' lang='lat' dir='ltr'><strong>repetere,</strong></span> <span class='ocrx_word' id='word_1_126' title='bbox 255 2621 336 2693; x_wconf 76' lang='lat' dir='ltr'><strong>qua.</strong></span> <span class='ocrx_word' id='word_1_127' title='bbox 351 2593 435 2667; x_wconf 88' lang='lat' dir='ltr'><strong>inde</strong></span> <span class='ocrx_word' id='word_1_128' title='bbox 452 2621 471 2668; x_wconf 93' lang='lat' dir='ltr'><strong>a</strong></span> <span class='ocrx_word' id='word_1_129' title='bbox 491 2599 607 2695; x_wconf 89' lang='lat' dir='ltr'><strong>capite</strong></span> <span class='ocrx_word' id='word_1_130' title='bbox 628 2595 790 2669; x_wconf 88' lang='lat' dir='ltr'><strong>secundo</strong></span> <span class='ocrx_word' id='word_1_131' title='bbox 808 2620 924 2694; x_wconf 87' lang='lat' dir='ltr'><strong>usque</strong></span> <span class='ocrx_word' id='word_1_132' title='bbox 944 2593 988 2666; x_wconf 88' lang='lat' dir='ltr'><strong>ad</strong></span> <span class='ocrx_word' id='word_1_133' title='bbox 1012 2598 1119 2692; x_wconf 89' lang='lat' dir='ltr'><strong>quin·</strong></span> 
     </span>
     <span class='ocr_line' id='line_1_19' title="bbox 1 2701 1121 2817; baseline 0.004 -34"><span class='ocrx_word' id='word_1_134' title='bbox 1 2731 2 2792; x_wconf 56' lang='grc' dir='ltr'><strong>ς</strong></span> <span class='ocrx_word' id='word_1_135' title='bbox 60 2729 140 2800; x_wconf 88' lang='lat' dir='ltr'><strong>tom,</strong></span> <span class='ocrx_word' id='word_1_136' title='bbox 153 2716 236 2788; x_wconf 86' lang='lat' dir='ltr'><strong>data</strong></span> <span class='ocrx_word' id='word_1_137' title='bbox 251 2721 538 2817; x_wconf 87' lang='lat' dir='ltr'><strong>opportunitate,</strong></span> <span class='ocrx_word' id='word_1_138' title='bbox 549 2735 586 2792; x_wconf 88' lang='lat' dir='ltr'><strong>et</strong></span> <span class='ocrx_word' id='word_1_139' title='bbox 603 2736 643 2791; x_wconf 94' lang='lat' dir='ltr'><strong>ut</strong></span> <span class='ocrx_word' id='word_1_140' title='bbox 658 2719 778 2791; x_wconf 90' lang='lat' dir='ltr'><strong>subito</strong></span> <span class='ocrx_word' id='word_1_141' title='bbox 798 2701 1009 2794; x_wconf 73' lang='lat' dir='ltr'><strong>in&#39;mentem</strong></span> <span class='ocrx_word' id='word_1_142' title='bbox 1024 2719 1121 2788; x_wconf 90' lang='lat' dir='ltr'><strong>veni·</strong></span> 
     </span>
    </p>

    <p class='ocr_par' dir='ltr' id='par_1_5' title="bbox 59 2839 1114 2942">
     <span class='ocr_line' id='line_1_20' title="bbox 59 2839 1114 2942; baseline 0.004 -34"><span class='ocrx_word' id='word_1_143' title='bbox 59 2855 148 2928; x_wconf 87' lang='lat' dir='ltr'><strong>rent,</strong></span> <span class='ocrx_word' id='word_1_144' title='bbox 171 2839 330 2928; x_wconf 81' lang='lat' dir='ltr'><strong>dixerat3</strong></span> <span class='ocrx_word' id='word_1_145' title='bbox 355 2866 474 2940; x_wconf 89' lang='lat' dir='ltr'><strong>comp.</strong></span> <span class='ocrx_word' id='word_1_146' title='bbox 496 2844 516 2938; x_wconf 74' lang='lat' dir='ltr'>S</span> <span class='ocrx_word' id='word_1_147' title='bbox 539 2842 559 2914; x_wconf 86' lang='lat'><strong><em>5</em></strong></span> <span class='ocrx_word' id='word_1_148' title='bbox 583 2867 665 2914; x_wconf 86' lang='lat' dir='ltr'><strong>curn</strong></span> <span class='ocrx_word' id='word_1_149' title='bbox 685 2846 705 2937; x_wconf 71' lang='lat' dir='ltr'>s</span> <span class='ocrx_word' id='word_1_150' title='bbox 725 2858 833 2942; x_wconf 84' lang='lat' dir='ltr'><strong>71,et</strong></span> <span class='ocrx_word' id='word_1_151' title='bbox 852 2846 871 2936; x_wconf 72' lang='grc'>5</span> <span class='ocrx_word' id='word_1_152' title='bbox 892 2869 925 2940; x_wconf 85' lang='lat'><strong>7,</strong></span> <span class='ocrx_word' id='word_1_153' title='bbox 940 2868 1023 2914; x_wconf 91' lang='lat' dir='ltr'><strong>cum</strong></span> <span class='ocrx_word' id='word_1_154' title='bbox 1040 2841 1114 2934; x_wconf 77' lang='lat'><strong>§61</strong></span> 
     </span>
    </p>

    <p class='ocr_par' dir='ltr' id='par_1_6' title="bbox 1 2961 1120 3312">
     <span class='ocr_line' id='line_1_21' title="bbox 60 2961 1120 3054; baseline 0.005 -23"><span class='ocrx_word' id='word_1_155' title='bbox 60 2977 90 3031; x_wconf 90' lang='lat' dir='ltr'><strong>et</strong></span> <span class='ocrx_word' id='word_1_156' title='bbox 106 2961 171 3049; x_wconf 79' lang='lat'><strong>62,</strong></span> <span class='ocrx_word' id='word_1_157' title='bbox 192 2979 229 3034; x_wconf 91' lang='lat' dir='ltr'><strong>et</strong></span> <span class='ocrx_word' id='word_1_158' title='bbox 248 2964 291 3034; x_wconf 90' lang='lat' dir='ltr'><strong>al.</strong></span> <span class='ocrx_word' id='word_1_159' title='bbox 307 2971 389 3036; x_wconf 84' lang='lat' dir='ltr'><strong>Haec</strong></span> <span class='ocrx_word' id='word_1_160' title='bbox 408 2969 436 3038; x_wconf 88' lang='lat' dir='ltr'><strong>si</strong></span> <span class='ocrx_word' id='word_1_161' title='bbox 459 2967 758 3054; x_wconf 87' lang='lat' dir='ltr'><strong>consideraveris,</strong></span> <span class='ocrx_word' id='word_1_162' title='bbox 783 2965 925 3036; x_wconf 87' lang='lat' dir='ltr'><strong>Guiliel.</strong></span> <span class='ocrx_word' id='word_1_163' title='bbox 949 2961 1120 3036; x_wconf 88' lang='lat' dir='ltr'><strong>Richtero</strong></span> 
     </span>
     <span class='ocr_line' id='line_1_22' title="bbox 1 3087 1119 3188; baseline 0.005 -34"><span class='ocrx_word' id='word_1_164' title='bbox 1 3095 2 3154; x_wconf 66' lang='lat' dir='ltr'><strong>i</strong></span> <span class='ocrx_word' id='word_1_165' title='bbox 59 3089 108 3156; x_wconf 79' lang='lat' dir='ltr'><strong>vix</strong></span> <span class='ocrx_word' id='word_1_166' title='bbox 130 3089 356 3173; x_wconf 88' lang='lat' dir='ltr'><strong>assentieris,</strong></span> <span class='ocrx_word' id='word_1_167' title='bbox 382 3094 444 3188; x_wconf 95' lang='lat' dir='ltr'><strong>qui</strong></span> <span class='ocrx_word' id='word_1_168' title='bbox 467 3093 502 3162; x_wconf 92' lang='lat' dir='ltr'><strong>in</strong></span> <span class='ocrx_word' id='word_1_169' title='bbox 523 3093 671 3164; x_wconf 88' lang='lat' dir='ltr'><strong>Dissert.</strong></span> <span class='ocrx_word' id='word_1_170' title='bbox 688 3091 735 3160; x_wconf 84' lang='lat' dir='ltr'><strong>de</strong></span> <span class='ocrx_word' id='word_1_171' title='bbox 754 3087 948 3160; x_wconf 79' lang='lat' dir='ltr'><strong>laudandis</strong></span> <span class='ocrx_word' id='word_1_172' title='bbox 968 3103 1005 3160; x_wconf 89' lang='lat' dir='ltr'><strong>et</strong></span> <span class='ocrx_word' id='word_1_173' title='bbox 1022 3094 1119 3160; x_wconf 72' lang='lat' dir='ltr'><strong>uitre-</strong></span> 
     </span>
     <span class='ocr_line' id='line_1_23' title="bbox 1 3207 1118 3312; baseline 0.006 -35"><span class='ocrx_word' id='word_1_174' title='bbox 1 3207 2 3252; x_wconf 60' lang='grc' dir='ltr'><em>ἕ</em></span> <span class='ocrx_word' id='word_1_175' title='bbox 53 3211 218 3304; x_wconf 84' lang='lat' dir='ltr'><strong>perandis</strong></span> <span class='ocrx_word' id='word_1_176' title='bbox 231 3211 373 3312; x_wconf 27' lang='lat' dir='ltr'><strong>inslibro</strong></span> <span class='ocrx_word' id='word_1_177' title='bbox 389 3217 565 3286; x_wconf 80' lang='lat' dir='ltr'><strong>Ciceronis</strong></span> <span class='ocrx_word' id='word_1_178' title='bbox 578 3215 624 3285; x_wconf 82' lang='lat' dir='ltr'><strong>de</strong></span> <span class='ocrx_word' id='word_1_179' title='bbox 638 3219 838 3296; x_wconf 84' lang='lat' dir='ltr'><strong>Senectute,</strong></span> <span class='ocrx_word' id='word_1_180' title='bbox 855 3211 1000 3286; x_wconf 88' lang='lat' dir='ltr'><strong>Guben.</strong></span> <span class='ocrx_word' id='word_1_181' title='bbox 1015 3211 1118 3298; x_wconf 84' lang='lat'><strong>1805,</strong></span> 
     </span>
    </p>

    <p class='ocr_par' dir='ltr' id='par_1_7' title="bbox 59 3333 1118 3436">
     <span class='ocr_line' id='line_1_24' title="bbox 59 3333 1118 3436; baseline 0.001 -32"><span class='ocrx_word' id='word_1_182' title='bbox 59 3333 134 3430; x_wconf 90' lang='lat' dir='ltr'><strong>p.6,</strong></span> <span class='ocrx_word' id='word_1_183' title='bbox 149 3349 191 3405; x_wconf 92' lang='lat' dir='ltr'><strong>ut</strong></span> <span class='ocrx_word' id='word_1_184' title='bbox 200 3337 412 3407; x_wconf 87' lang='lat' dir='ltr'><strong>Ciceronem</strong></span> <span class='ocrx_word' id='word_1_185' title='bbox 425 3351 589 3426; x_wconf 85' lang='lat' dir='ltr'><strong>excuset,</strong></span> <span class='ocrx_word' id='word_1_186' title='bbox 601 3335 720 3434; x_wconf 92' lang='lat' dir='ltr'><strong>quod,</strong></span> <span class='ocrx_word' id='word_1_187' title='bbox 734 3337 896 3436; x_wconf 85' lang='lat' dir='ltr'><strong>exposita</strong></span> <span class='ocrx_word' id='word_1_188' title='bbox 911 3337 1050 3410; x_wconf 87' lang='lat' dir='ltr'><strong>consilii</strong></span> <span class='ocrx_word' id='word_1_189' title='bbox 1064 3339 1118 3406; x_wconf 87' lang='lat' dir='ltr'><strong>sui</strong></span> 
     </span>
    </p>

    <p class='ocr_par' dir='ltr' id='par_1_8' title="bbox 60 3457 1120 3558">
     <span class='ocr_line' id='line_1_25' title="bbox 60 3457 1120 3558; baseline 0.005 -33"><span class='ocrx_word' id='word_1_190' title='bbox 60 3460 213 3542; x_wconf 83' lang='lat' dir='ltr'><strong>ratione,</strong></span> <span class='ocrx_word' id='word_1_191' title='bbox 237 3483 312 3530; x_wconf 90' lang='lat' dir='ltr'><strong>nou</strong></span> <span class='ocrx_word' id='word_1_192' title='bbox 334 3460 451 3534; x_wconf 84' lang='lat' dir='ltr'><strong>statim</strong></span> <span class='ocrx_word' id='word_1_193' title='bbox 470 3465 645 3535; x_wconf 83' lang='lat' dir='ltr'><strong>Catonem</strong></span> <span class='ocrx_word' id='word_1_194' title='bbox 668 3457 713 3532; x_wconf 91' lang='lat' dir='ltr'><strong>de</strong></span> <span class='ocrx_word' id='word_1_195' title='bbox 735 3475 894 3558; x_wconf 88' lang='lat' dir='ltr'><strong>quatuor</strong></span> <span class='ocrx_word' id='word_1_196' title='bbox 912 3463 988 3531; x_wconf 89' lang='lat' dir='ltr'><strong>istis</strong></span> <span class='ocrx_word' id='word_1_197' title='bbox 1005 3460 1120 3530; x_wconf 87' lang='lat' dir='ltr'><strong>causis</strong></span> 
     </span>
    </p>

    <p class='ocr_par' dir='ltr' id='par_1_9' title="bbox 1 3577 1121 3808">
     <span class='ocr_line' id='line_1_26' title="bbox 58 3577 1119 3682; baseline 0.005 -35"><span class='ocrx_word' id='word_1_198' title='bbox 58 3577 286 3652; x_wconf 85' lang='lat' dir='ltr'><strong>disserentem</strong></span> <span class='ocrx_word' id='word_1_199' title='bbox 316 3580 458 3670; x_wconf 87' lang='lat' dir='ltr'><strong>fecerit,</strong></span> <span class='ocrx_word' id='word_1_200' title='bbox 489 3582 565 3655; x_wconf 81' lang='lat' dir='ltr'><strong>haec</strong></span> <span class='ocrx_word' id='word_1_201' title='bbox 595 3585 676 3654; x_wconf 91' lang='lat' dir='ltr'><strong>ait:</strong></span> <span class='ocrx_word' id='word_1_202' title='bbox 705 3588 820 3656; x_wconf 75' lang='lat' dir='ltr'><strong>«Nam</strong></span> <span class='ocrx_word' id='word_1_203' title='bbox 846 3607 926 3682; x_wconf 85' lang='lat' dir='ltr'><strong>quae</strong></span> <span class='ocrx_word' id='word_1_204' title='bbox 956 3607 1032 3680; x_wconf 89' lang='lat' dir='ltr'><strong>cap.</strong></span> <span class='ocrx_word' id='word_1_205' title='bbox 1059 3579 1119 3652; x_wconf 83' lang='lat' dir='ltr'><strong>a·5</strong></span> 
     </span>
     <span class='ocr_line' id='line_1_27' title="bbox 1 3691 1121 3808; baseline 0.003 -34"><span class='ocrx_word' id='word_1_206' title='bbox 1 3691 2 3774; x_wconf 67' lang='grc' dir='ltr'>Ῐ</span> <span class='ocrx_word' id='word_1_207' title='bbox 57 3706 320 3792; x_wconf 66' lang='lat' dir='ltr'><strong>«continentur,</strong></span> <span class='ocrx_word' id='word_1_208' title='bbox 338 3731 458 3804; x_wconf 92' lang='lat' dir='ltr'><strong>neque</strong></span> <span class='ocrx_word' id='word_1_209' title='bbox 473 3707 579 3808; x_wconf 90' lang='lat' dir='ltr'><strong>plane</strong></span> <span class='ocrx_word' id='word_1_210' title='bbox 592 3708 727 3794; x_wconf 89' lang='lat' dir='ltr'><strong>omitti,</strong></span> <span class='ocrx_word' id='word_1_211' title='bbox 744 3731 866 3805; x_wconf 86' lang='lat' dir='ltr'><strong>neque</strong></span> <span class='ocrx_word' id='word_1_212' title='bbox 881 3707 948 3804; x_wconf 92' lang='lat' dir='ltr'><strong>ipsi</strong></span> <span class='ocrx_word' id='word_1_213' title='bbox 962 3703 1121 3805; x_wconf 89' lang='lat' dir='ltr'><strong>disputa-</strong></span> 
     </span>
    </p>

    <p class='ocr_par' dir='ltr' id='par_1_10' title="bbox 57 3830 1120 3929">
     <span class='ocr_line' id='line_1_28' title="bbox 57 3830 1120 3929; baseline 0.003 -32"><span class='ocrx_word' id='word_1_214' title='bbox 57 3831 163 3898; x_wconf 69' lang='lat' dir='ltr'><strong>«noni</strong></span> <span class='ocrx_word' id='word_1_215' title='bbox 191 3830 385 3902; x_wconf 86' lang='lat' dir='ltr'><strong>commode</strong></span> <span class='ocrx_word' id='word_1_216' title='bbox 412 3833 518 3904; x_wconf 89' lang='lat' dir='ltr'><strong>inseri</strong></span> <span class='ocrx_word' id='word_1_217' title='bbox 542 3847 712 3929; x_wconf 87' lang='lat' dir='ltr'><strong>poterant</strong></span> <span class='ocrx_word' id='word_1_218' title='bbox 722 3861 750 3903; x_wconf 79' lang='lat' dir='ltr'><strong>n.</strong></span> <span class='ocrx_word' id='word_1_219' title='bbox 772 3830 893 3922; x_wconf 84' lang='lat' dir='ltr'><strong>Quid?</strong></span> <span class='ocrx_word' id='word_1_220' title='bbox 919 3830 948 3899; x_wconf 88' lang='lat' dir='ltr'><strong>si</strong></span> <span class='ocrx_word' id='word_1_221' title='bbox 973 3855 1120 3902; x_wconf 86' lang='lat' dir='ltr'><strong>omnem</strong></span> 
     </span>
    </p>

    <p class='ocr_par' dir='ltr' id='par_1_11' title="bbox 58 3949 1120 4052">
     <span class='ocr_line' id='line_1_29' title="bbox 58 3949 1120 4052; baseline 0.007 -33"><span class='ocrx_word' id='word_1_222' title='bbox 58 3949 140 4023; x_wconf 86' lang='lat' dir='ltr'><strong>hanc</strong></span> <span class='ocrx_word' id='word_1_223' title='bbox 177 3951 465 4052; x_wconf 89' lang='lat' dir='ltr'><strong>disputationem</strong></span> <span class='ocrx_word' id='word_1_224' title='bbox 492 3951 732 4027; x_wconf 87' lang='lat' dir='ltr'><strong>strictioribus</strong></span> <span class='ocrx_word' id='word_1_225' title='bbox 766 3953 951 4026; x_wconf 87' lang='lat' dir='ltr'><strong>rhetorum</strong></span> <span class='ocrx_word' id='word_1_226' title='bbox 985 3949 1120 4026; x_wconf 89' lang='lat' dir='ltr'><strong>finibus</strong></span> 
     </span>
    </p>

    <p class='ocr_par' dir='ltr' id='par_1_12' title="bbox 1 4075 1125 4276">
     <span class='ocr_line' id='line_1_30' title="bbox 59 4075 1120 4172; baseline 0.007 -31"><span class='ocrx_word' id='word_1_227' title='bbox 59 4075 247 4162; x_wconf 90' lang='lat' dir='ltr'><strong>contineri,</strong></span> <span class='ocrx_word' id='word_1_228' title='bbox 271 4100 393 4172; x_wconf 89' lang='lat' dir='ltr'><strong>neque</strong></span> <span class='ocrx_word' id='word_1_229' title='bbox 416 4075 564 4149; x_wconf 87' lang='lat' dir='ltr'><strong>liberius</strong></span> <span class='ocrx_word' id='word_1_230' title='bbox 589 4103 666 4150; x_wconf 89' lang='lat' dir='ltr'><strong>sese</strong></span> <span class='ocrx_word' id='word_1_231' title='bbox 689 4101 834 4148; x_wconf 87' lang='lat' dir='ltr'><strong>movere</strong></span> <span class='ocrx_word' id='word_1_232' title='bbox 857 4075 1048 4164; x_wconf 87' lang='lat' dir='ltr'><strong>voluisset,</strong></span> <span class='ocrx_word' id='word_1_233' title='bbox 1073 4102 1120 4148; x_wconf 89' lang='lat' dir='ltr'><strong>an</strong></span> 
     </span>
     <span class='ocr_line' id='line_1_31' title="bbox 1 4199 1125 4276; baseline 0.002 -10"><span class='ocrx_word' id='word_1_234' title='bbox 1 4213 2 4246; x_wconf 33' lang='grc' dir='ltr'><strong>ἐ</strong></span> <span class='ocrx_word' id='word_1_235' title='bbox 60 4220 124 4268; x_wconf 91' lang='lat' dir='ltr'><strong>non</strong></span> <span class='ocrx_word' id='word_1_236' title='bbox 144 4199 223 4272; x_wconf 92' lang='lat' dir='ltr'><strong>loco</strong></span> <span class='ocrx_word' id='word_1_237' title='bbox 252 4199 304 4273; x_wconf 89' lang='lat' dir='ltr'><strong>illi</strong></span> <span class='ocrx_word' id='word_1_238' title='bbox 334 4199 380 4271; x_wconf 78' lang='lat' dir='ltr'><strong>tle</strong></span> <span class='ocrx_word' id='word_1_239' title='bbox 403 4205 598 4274; x_wconf 83' lang='lat' dir='ltr'><strong>senectutis</strong></span> <span class='ocrx_word' id='word_1_240' title='bbox 623 4203 834 4276; x_wconf 86' lang='lat' dir='ltr'><strong>auctoritate</strong></span> <span class='ocrx_word' id='word_1_241' title='bbox 858 4218 893 4275; x_wconf 88' lang='lat' dir='ltr'><strong>et</strong></span> <span class='ocrx_word' id='word_1_242' title='bbox 916 4199 1042 4274; x_wconf 87' lang='lat' dir='ltr'><strong>studiis</strong></span> <span class='ocrx_word' id='word_1_243' title='bbox 1063 4205 1125 4271; x_wconf 60' lang='lat' dir='ltr'><strong>iu-</strong></span> 
     </span>
    </p>
   </div>
   <div class='ocr_carea' id='block_1_4' title="bbox 0 0 1390 4888">
    <p class='ocr_par' dir='ltr' id='par_1_13' title="bbox 0 0 1390 4888">
     <span class='ocr_line' id='line_1_32' title="bbox 0 0 1390 4888; baseline 0 2"><span class='ocrx_word' id='word_1_244' title='bbox 0 0 1390 4888; x_wconf 95' lang='lat' dir='ltr'><strong> </strong></span> 
     </span>
    </p>
   </div>
  </div>
 </body>
</html>
