2770 4888
233 417 329 510 xxvj
586 425 706 494 NOVI
731 425 946 494 EDITORIS

231 555 343 649 magis
364 555 469 625 etiam
490 580 598 654 quam
623 559 660 629 in
690 557 767 630 ulio
793 582 875 630 cum
899 555 1082 656 prioribus
1099 553 1314 627 editoribus

231 703 353 748 severe
377 703 481 776 agere
505 695 541 750 et
562 680 676 754 multa
699 682 896 780 praecidere
921 705 1066 752 necesse
1089 679 1179 766 iuit3
1203 679 1314 750 solus

229 803 326 872 enim
347 801 405 872 bic
425 808 703 877 commentarius
725 809 903 902 integrum
923 819 1064 876 tomum
1087 827 1154 874 nec
1179 805 1313 898 exigui

229 923 426 997 voluminis
444 926 639 1026 implebat;
661 931 737 1027 ipse
760 930 866 1002 etiam
886 926 1121 1000 Gernhardus
1145 951 1182 998 se
1211 925 1313 998 fines

229 1051 421 1122 excessisse
438 1053 569 1124 sensit:
585 1052 765 1125 «subinde
785 1053 840 1149 (ut
855 1050 987 1124 fatetur
1004 1053 1040 1122 in
1061 1049 1311 1149 praefatione),

228 1199 245 1234 a
260 1195 335 1246 non
354 1172 509 1246 muitum
535 1174 669 1266 abfuit,
692 1178 784 1274 quin
805 1199 950 1250 vererer
972 1175 1186 1246 neLaeiium
1208 1189 1311 1244 tana-

228 1323 245 1358 «
260 1318 368 1390 quam
387 1295 567 1368 undarum
591 1299 688 1370 mole
710 1301 987 1398 opprimerem».

279 1421 401 1508 Quum
422 1421 460 1490 in
479 1419 563 1492 libri
581 1419 701 1492 sronte
722 1425 815 1519 (pag.
837 1421 907 1494 503
929 1422 1047 1519 seqq.)
1073 1422 1311 1519 exscripseri-

230 1565 312 1612 rnns
324 1543 605 1642 Prolegomena,
624 1548 661 1617 in
680 1546 814 1644 quibus
830 1545 1033 1620 Gernhard.
1053 1547 1175 1644 operis
1191 1571 1309 1642 argu-

232 1681 394 1738 mentum
408 1667 486 1740 fuse
498 1685 535 1741 et
544 1667 699 1744 fideliter
710 1674 872 1770 exponit,
887 1668 1104 1767 disseritque
1116 1671 1310 1769 aptissime

230 1787 275 1860 de
289 1805 366 1862 arte
380 1806 416 1862 et
432 1792 603 1890 elegantia
617 1795 653 1865 in
667 1796 764 1866 Laelii
780 1767 947 1867 sermone
963 1809 1189 1892 exprompta,
1201 1819 1309 1865 nunc

230 1930 394 2011 superest
413 1930 570 2002 tautum,
588 1932 631 1988 ut
648 1917 693 1988 de
711 1919 966 2016 manuscriptis
984 1919 1241 2015 impressisque
1263 1918 1309 1988 li-

230 2035 307 2106 bris
322 2043 385 2135 qni
404 2042 443 2108 in
461 2038 686 2112 conficienda
700 2039 858 2111 editione
877 2038 1030 2112 adhibiti
1047 2054 1133 2110 sunt
1147 2039 1305 2111 dicatur.

230 2165 352 2256 ipsum
365 2161 474 2256 igitur
483 2160 528 2232 de
540 2157 596 2230 his
608 2161 818 2258 loquentem
834 2161 920 2233 audi
934 2165 969 2232 in
983 2187 1047 2233 sna
1058 2163 1291 2259 praefatione:

277 2287 355 2354 «De
390 2283 623 2380 adjumentis,
646 2285 779 2381 quibus
807 2289 846 2356 in
882 2285 953 2357 hoc
986 2288 1169 2358 Ciceronis
1205 2286 1308 2360 libro

231 2407 373 2480 edendo
390 2433 478 2480 usus
499 2433 632 2494 essem,
649 2426 690 2480 ut
707 2411 828 2506 paucis
845 2407 1025 2496 dicerem,
1048 2408 1149 2480 nolui
1176 2435 1218 2481 ea
1241 2436 1306 2482 re·

228 2547 370 2629 petere,
389 2557 471 2630 quae
489 2532 534 2604 de
554 2535 682 2606 Graevii
700 2548 737 2603 et
755 2533 799 2604 de
818 2533 1036 2604 Oxoniensis
1054 2533 1222 2604 editionis
1240 2559 1306 2604 va·

231 2659 281 2725 ria
298 2655 453 2726 lectione
469 2657 506 2726 in
527 2655 734 2752 praefatione
754 2655 797 2726 ad
818 2656 967 2726 Catonis
984 2659 1032 2726 M.
1048 2671 1085 2726 et
1098 2654 1306 2726 Paradoxo-

229 2801 310 2847 rum
334 2777 532 2850 editionem
555 2803 811 2875 exposueram,
840 2802 956 2874 quum
982 2779 1179 2874 pracsertim
1202 2775 1306 2848 codi-

230 2927 314 2972 cum
327 2903 606 2990 Oxoniensium,
626 2903 693 2998 qui
709 2901 834 2974 decern
849 2916 936 2972 sunt
964 2925 1046 2972 cnm
1072 2901 1200 2972 Oliveti
1222 2899 1305 2972 edi-

231 3026 330 3094 tione
352 3026 569 3122 comparati,
600 3027 805 3096 varietatem
830 3022 995 3095 lectionis
1019 3024 1164 3120 pariter,
1187 3036 1304 3120 atquc

230 3147 267 3214 in
286 3144 460 3216 librorum
483 3144 527 3216 de
547 3145 684 3216 Officiis
703 3160 739 3216 et
758 3149 795 3216 in
809 3148 956 3218 Catonis
969 3149 1018 3215 Μ.
1041 3144 1218 3231 editione,
1236 3169 1305 3216 ex-

230 3281 345 3338 tremo
362 3267 443 3338 loco
459 3265 685 3338 addidissem.
703 3271 792 3358 Quae
813 3293 900 3338 vero
919 3281 1049 3364 praeter
1069 3267 1129 3338 illa
1151 3265 1197 3336 ad
1216 3265 1304 3338 libri

33 3401 36 3408 “
110 3453 114 3462 ,
231 3388 340 3484 hujus
376 3392 620 3462 recensionem
651 3391 909 3462 instituendam
949 3405 1071 3488 parata
1107 3388 1303 3461 habuerim

233 3509 410 3598 subsidia,
427 3509 501 3582 fere
516 3513 591 3584 hacc
609 3528 706 3585 sunt.

278 3634 458 3707 «Collatio
481 3639 591 3707 trium
614 3637 719 3708 codd.
742 3635 896 3708 membr.
924 3637 1111 3708 Ciceronis
1135 3633 1179 3706 de
1204 3638 1303 3706 Ami-

232 3759 350 3828 citiaa
368 3763 416 3828 M.
432 3758 641 3856 Christopb.
661 3757 793 3832 Godos.
816 3759 991 3844 Miiliero,
1016 3759 1119 3851 cujus
1135 3758 1302 3828 Rectoris

229 3986 339 4035 sionibus
351 3988 466 4037 instruxit
476 3991 539 4054 Aug.
554 3989 642 4039 Gotth.
660 3989 807 4048 Gembard,
827 3990 889 4053 phil.
904 3990 930 4040 d.
944 4005 980 4036 m.
993 3988 1019 4036 11.
1034 4005 1068 4036 m.
1083 3984 1223 4049 magnidnc.
1238 3986 1297 4034 Sex.

229 4084 375 4132 vimariensi
393 4086 541 4134 consistorio
555 4104 569 4134 ι
582 4087 692 4136 consiliis
708 4085 744 4135 ill.
762 4087 882 4151 gymnasii
902 4083 1169 4134 Gutttetmo-Ernentni
1181 4081 1300 4146 director,

228 4181 348 4230 societatis
359 4180 561 4230 lausannensi·
575 4183 673 4232 sodalis.
685 4183 783 4246 Lipsiae,
792 4199 832 4247 ap.
842 4181 997 4232 Geabxrdum
1010 4179 1182 4237 Fleiscbarum,
1202 4179 1296 4228 raas».
