2770 4888
404 471 711 546 PRAEMONITIO.
1026 483 1094 546 xic

31 635 183 708 prosuae
201 609 312 679 aetatis
331 607 443 678 modo
462 610 620 703 cujusvis
637 610 780 680 virtutis
795 623 830 679 et
844 607 998 681 liberalis
1010 615 1096 682 artis

31 734 132 805 laude
163 731 366 830 splenduit,
401 736 625 830 summisque
651 731 853 804 honoribus
885 747 1051 822 ornatus,
1076 759 1096 804 e

33 850 218 955 triumpho
234 880 311 926 non
330 859 367 926 in
388 856 592 942 mollitiem,
610 881 651 928 ac
670 855 889 927 desidiosum
905 861 1021 928 otium
1039 857 1098 929 de·

34 982 149 1078 lapsus
169 994 241 1066 est,
268 978 349 1066 sed,
374 993 416 1050 ut
442 979 640 1051 diutissime
668 1005 777 1052 senex
800 978 889 1066 luit,
912 981 962 1051 sic
984 982 1021 1051 in
1043 1003 1099 1052 se·

34 1107 420 1189 nectuteconstantia,
451 1105 641 1202 gravitate,
671 1103 839 1192 consilio,
868 1107 1102 1196 auctoritate,

36 1233 184 1299 omnino
198 1229 371 1326 sapientia
389 1252 463 1326 prae
481 1229 608 1300 ceteris
624 1228 758 1299 lloruit.
781 1235 898 1326 Atque
912 1227 988 1300 haec
1004 1244 1103 1302 tanta

40 1353 183 1424 Catonis
206 1351 435 1439 excellentia,
453 1353 492 1421 in
515 1376 589 1448 qua
614 1367 690 1423 erat
707 1351 851 1424 condita
875 1375 941 1450 per
959 1353 1105 1423 comita·

39 1489 104 1545 tem
125 1491 161 1548 et
178 1474 385 1546 facilitatem
407 1478 596 1562 severitas,
614 1477 651 1546 in
670 1475 742 1546 hoc
761 1479 841 1573 ipso
862 1499 1028 1546 sermone
1048 1475 1105 1548 Ci-

39 1621 117 1670 cero
138 1595 263 1671 effecit
285 1613 326 1670 ut
348 1613 640 1696 expromeretur,
665 1597 980 1695 effloresceretque
999 1621 1104 1670 sene·

41 1727 145 1794 ctutis
164 1728 283 1820 imago
304 1721 533 1793 admirabilis.
548 1722 664 1816 Hujus
678 1723 759 1807 viri,
778 1722 835 1791 cui
851 1721 895 1792 ad
908 1720 1004 1792 bene
1019 1721 1107 1793 bea·

43 1859 147 1942 teque
166 1844 361 1916 vivendum
383 1844 472 1914 nihil
489 1842 621 1930 deluit,
642 1843 831 1913 admiratio
854 1845 1033 1915 sermonis
1056 1855 1110 1916 est

45 1989 145 2040 musa
169 1969 374 2064 justissima.
411 1967 644 2063 Quamquam
668 1967 835 2037 Ciceroni
858 1990 934 2037 non
957 1981 1028 2037 tam
1051 1967 1110 2039 illa

45 2091 176 2162 Platoni
211 2106 249 2161 et
278 2087 516 2189 Xenophonti
549 2089 702 2188 probata
732 2088 864 2188 dialogi
887 2088 1003 2161 forma
1033 2093 1110 2190 pla·

46 2217 128 2296 cuit,
145 2239 247 2311 quae,
267 2237 369 2312 paene
389 2215 537 2311 aequatis
556 2213 786 2310 loquentium
806 2213 989 2311 partibus,
1004 2217 1113 2287 inter·

47 2317 189 2434 rogandi
203 2335 522 2435 respondendique
543 2339 697 2408 maxima
719 2339 889 2410 varietate
914 2338 1053 2436 singula
1072 2365 1113 2412 ea

48 2463 261 2558 inquireret,
289 2476 327 2531 et
349 2461 448 2532 velut
475 2460 684 2532 obstetricia
709 2475 785 2533 arte
808 2459 1014 2559 expediret,
1034 2487 1114 2560 quae

51 2583 294 2682 cognoscenda
311 2599 431 2655 essent
443 2600 479 2654 at
494 2586 596 2681 quasi
611 2609 655 2656 ex
673 2586 885 2681 ignorantiae
903 2585 1061 2657 tenebris
1076 2591 1113 2657 in

50 2713 201 2782 veritatis
218 2726 256 2782 et
274 2713 431 2782 scientiae
449 2710 565 2781 lucem
582 2708 810 2807 proferenda.
827 2710 895 2781 Sed
916 2711 1017 2808 quod
1031 2712 1117 2783 alte·

53 2859 123 2904 rum
145 2833 277 2930 dialogi
296 2857 410 2930 genus
429 2847 499 2918 est,
521 2831 691 2929 idemque
709 2834 855 2904 Catonis
869 2837 1042 2934 sapientia
1061 2835 1116 2904 di-

53 2962 274 3054 gnissimum‚
296 2959 461 3030 Ciceroni
482 2956 654 3028 adhibere
668 2959 784 3027 visum
801 2971 874 3042 est,
898 2973 939 3026 ut
956 2962 1021 3054 qui
1037 2981 1119 3056 pro·

55 3088 198 3178 positam
215 3107 292 3154 rem
311 3082 549 3178 exploratam,
564 3097 866 3179 perspectamque
885 3079 1009 3169 habet,
1029 3082 1118 3186 quid

56 3211 177 3278 sentiat
195 3227 279 3276 cum
300 3229 375 3274 uuo
397 3204 453 3275 vel
473 3203 638 3301 pluribus
657 3205 793 3275 sciendi
816 3203 866 3274 eis
889 3203 1038 3301 quidem
1059 3232 1119 3278 cu·

58 3329 141 3424 pidis
160 3329 416 3400 communicet.
436 3330 478 3397 In
501 3352 577 3424 quo
602 3351 667 3426 per
686 3326 890 3397 ‹liverbium
910 3332 1118 3424 quaestionis

58 3454 243 3550 propositae
271 3451 524 3547 opportunitas
549 3475 570 3519 a
597 3451 772 3547 Scipionis
794 3465 831 3520 et
855 3450 952 3519 Laelii
977 3451 1121 3524 ducitur

60 3575 308 3660 admiratione,
336 3597 407 3670 qus
431 3577 605 3642 Catonem
625 3597 747 3642 senem
766 3573 838 3667 jam
865 3595 957 3667 saepe
982 3573 1123 3663 intuiti,

61 3722 149 3768 nunc
168 3698 333 3782 demum,
353 3695 442 3793 quid
456 3698 629 3781 sentiant,
646 3697 882 3792 eloquuntur,
906 3717 1122 3796 causamque

62 3823 246 3893 senectutis
266 3835 392 3891 contra
414 3821 615 3916 iniquiores
631 3818 919 3889 adversariorum
941 3823 1123 3919 vitupera-

65 3947 171 4016 tiones
186 3942 425 4016 defendendae
440 3948 573 4016 sensim
587 3946 796 4040 sensimque
813 3943 998 4038 aperiunt,
1016 3949 1124 4020 simul

67 4072 149 4142 senis
171 4072 333 4167 vigorem
352 4083 387 4138 ct
405 4069 623 4138 alacritatem
640 4078 888 4150 commovent,
912 4083 950 4136 ut
969 4066 1126 4170 denique

69 4207 185 4286 sponte
213 4217 279 4264 sua
307 4191 522 4262 sententiam
550 4203 725 4286 exponat,
747 4186 923 4286 filumque
950 4196 1127 4266 sermonis

954 4337 983 4382 u.
