2770 4888
248 433 362 524 xxxij
440 427 553 503 novi
577 428 796 502 nmroms
821 434 1127 507 Pannonium.

242 653 246 664 s
294 567 438 640 «Iidem
468 571 655 649 Ciceronis
681 565 765 639 libri
797 591 841 638 ex
868 571 1081 642 recensione
1106 576 1160 643 Jo.
1184 575 1316 672 Georg.

247 699 377 767 Grrevii
415 720 499 767 cum
535 695 696 790 ejusdem
732 692 1114 770 animadversionibus.
1168 701 1315 772 Amstel.

254 821 363 920 1691,
390 821 471 893 irs-8
494 823 580 891 min.
602 821 671 890 Cui
694 819 844 890 editioni
867 819 1012 919 praefixa
1037 838 1092 894 est
1118 825 1316 920 superioris

246 945 414 1019 editionis
428 942 589 1043 praelatio
605 958 745 1015 tantum
761 967 836 1016 non
852 957 939 1016 tota.
956 949 999 1014 In
1014 944 1087 1016 fine
1104 945 1225 1017 addita
1240 945 1317 1018 baec

246 1085 358 1142 sunt:
387 1069 484 1138 «His
510 1065 610 1166 quod
638 1064 767 1138 addam
794 1076 870 1139 non
901 1066 1040 1156 habeo,
1064 1069 1132 1138 nisi
1160 1085 1315 1141 annota-

245 1201 396 1270 «tiones
417 1221 515 1267 meas
536 1195 730 1267 nonnullas
756 1219 814 1267 me
841 1194 1043 1286 refluxisse,
1066 1210 1103 1268 et
1117 1199 1220 1268 novis
1235 1199 1316 1295 qui·

245 1365 262 1400 a
280 1329 431 1406 busdam
447 1333 587 1403 auxisse
601 1361 625 1402 s.

293 1463 401 1528 isaac.
419 1454 611 1551 Verbutgii
632 1454 776 1526 Amstel.
801 1461 911 1554 1724,
936 1457 969 1526 8.
989 1495 1037 1510 -
1050 1458 1099 1524 Μ.
1114 1459 1151 1526 Τ.
1172 1456 1317 1526 Cicero·

245 1583 300 1652 nis
316 1581 361 1652 de
378 1575 514 1650 Officiis
527 1577 611 1649 libri
625 1591 714 1666 tres,
731 1577 776 1650 de
791 1583 999 1668 Senectute,
1019 1577 1065 1650 de
1076 1580 1252 1668 Amicitia,
1267 1579 1314 1651 de

245 1704 394 1776 Somnio
409 1701 588 1802 Scipionis
603 1717 639 1774 et
652 1701 847 1773 Paradoxa.
862 1700 1007 1774 Accedit
1019 1706 1063 1794 Q.
1074 1703 1204 1774 Fratris
1212 1725 1314 1774 com·

210 1803 499 1899 ‘mentatiolum
522 1825 719 1923 petitionis.
751 1829 803 1897 Ex
832 1825 1042 1898 recensione
1069 1827 1139 1897 lac.
1170 1827 1315 1900 Faccic·

244 1956 453 2027 lati.Venet.
479 1955 583 2050 1747,
606 1953 704 2039 irs-8,
724 1953 826 2049 cujus
843 1948 985 2024 Scholia
1001 1953 1039 2022 in
1058 1953 1154 2022 notis
1172 1955 1315 2050 integra

243 2077 394 2150 reddidi.
411 2081 522 2146 -Ex
545 2099 681 2146 recens.
702 2079 732 2146 J.
753 2075 793 2146 A.
815 2077 980 2148 Ernestii.
1001 2075 1077 2147 Hal.
1097 2067 1177 2146 San.
1197 2075 1312 2172 1776,

242 2201 333 2271 in·8.
349 2203 452 2270 -M.
466 2202 520 2269 10.
540 2199 687 2296 Georgii
706 2199 831 2270 Lenzii
850 2223 894 2271 ex
910 2221 1048 2271 recens.
1066 2201 1096 2268 J.
1110 2203 1152 2271 G.
1165 2200 1309 2270 Graevii.

244 2319 387 2392 Accedit
404 2319 567 2390 lectionis
588 2321 737 2391 varietas
751 2321 884 2393 codicis
899 2315 960 2390 MS
976 2321 1210 2408 Erfurtensis,
1241 2321 1315 2393 edi·

242 2446 350 2516 tionis
367 2443 411 2515 ad
427 2445 603 2541 primitias
623 2444 898 2544 typographicas
923 2443 1143 2531 referendae,
1169 2445 1310 2518 Nicolai

241 2567 431 2655 Gerbellii,
467 2567 633 2655 Victorii,
665 2567 940 2666 Gryphianum,
970 2570 1123 2666 Langii,
1164 2567 1314 2640 Sullridi

240 2695 349 2778 Petri,
383 2688 569 2778 Lambini,
602 2694 823 2781 Camerarii,
865 2693 1010 2777 Ursini,
1046 2695 1312 2780 Manutiorum,

239 2816 411 2901 Plnntini,
426 2816 593 2901 Gruteri,
610 2814 779 2903 Boecleri,
794 2817 990 2903 Gronovii,
1012 2815 1225 2902 Guilielmii,
1241 2831 1311 2887 etc.

239 2966 323 3013 curn
342 2941 482 3026 Ursini,
501 2936 682 3026 Lambini,
708 2936 815 3010 Suffr.
835 2941 948 3027 Petri,
972 2942 1141 3026 Gruteri,
1160 2941 1312 3024 Graevii,

238 3063 593 3160 Langii‚Gror1ovii,
625 3063 794 3148 Ernestii,
826 3061 1054 3158 aliorumque
1080 3059 1307 3132 doctissimo-

238 3210 319 3258 rum
342 3190 503 3255 virorum
531 3183 830 3255 annotationibus
859 3209 900 3255 ac
926 3187 1022 3256 notis
1048 3184 1309 3256 selectioribus.

236 3307 494 3404 Hildburghus.
530 3307 642 3404 1778,
673 3308 761 3378 in·8.
802 3308 918 3379 Caroli
950 3310 1074 3406 Langii
1102 3309 1306 3381 Gaudensis

237 3434 411 3508 Canonici
429 3429 624 3503 Leodensis
638 3432 677 3501 in
690 3434 899 3504 Ciceronem
913 3433 1308 3519 Annctationes,1615‚

237 3559 383 3654 adjectae
402 3553 494 3628 And.
515 3551 655 3626 Schotti
675 3553 976 3628 Observationum
997 3555 1239 3627 humanarum
1264 3557 1307 3627 li·

154 3679 157 3686 *
236 3681 311 3755 bris
322 3685 365 3753 V.
381 3678 584 3778 Antverpirc'
599 3679 710 3764 1615,
729 3679 837 3777 in-A(
862 3679 886 3772 ).

270 3867 308 3957 ξι)
321 3889 417 3952 Quem
426 3885 760 3956 ‚transsumptam
773 3896 810 3936 ..ι
826 3886 930 3952 spinos
949 3885 979 3934 n
993 3886 1076 3936 omn
1085 3888 1169 3952 ungu
1184 3888 1235 3938 vn·
1249 3891 1308 3938 res-

235 3993 332 4058 ptisqne
344 3986 376 4034 nd
389 3986 426 4035 Ο.
439 3989 528 4034 Janum
541 3987 688 4045 Gruterum,
713 4001 786 4048 quum
809 3984 937 4049 epistolam
955 3987 1072 4050 integram
1093 3985 1233 4050 praelnfioni
1254 4005 1304 4038 sut

234 4089 323 4150 adjecit
348 4083 520 4142 Gernbnrdus,
544 4099 590 4131 nos
611 4097 671 4130 vero
691 4081 841 4142 omittimus,
860 4091 982 4145 tamquam
998 4080 1030 4130 ad
1047 4081 1113 4130 hunc
1136 4082 1167 4131 de
1185 4084 1303 4134 Amicitia

233 4185 322 4236 librum
333 4183 433 4230 minime
443 4181 612 4244 pertinentem.

647 4275 885 4326 ⁴—-
