2770 4888
260 418 318 463 xiv
453 381 458 388 ’
494 395 601 462 luc.
620 395 786 464 curru
807 393 1080 464 GERNHARDI

259 515 317 578 MS
338 515 371 577 in
390 513 586 580 Bibliotheca
604 515 738 604 Collegii
757 513 955 580 balliolensis
972 513 1106 578 Oxcoire
1120 535 1160 576 ex
1176 513 1320 599 quinque

259 635 388 684 constat
407 619 627 684 voluminibus
645 621 677 684 in
701 621 799 702 folio,
821 635 854 686 et
876 619 1022 684 eontinet
1042 617 1147 682 multo
1167 618 1319 702 majorem

259 742 385 813 partem
398 726 564 790 Ciceronis
580 747 717 814 operum
738 748 814 790 eum
834 723 1136 812 quibusdamque
1157 723 1321 811 supposita

260 831 434 898 habentur.
464 831 563 896 Hiece
591 830 693 896 codex
722 848 772 896 est
799 831 1081 912 membranaceus,
1105 829 1321 917 pulcherrime

261 935 458 1025 descriptus,
481 953 514 1000 et
539 937 683 1024 plurium
710 937 907 1025 scriptorum
926 957 1042 1000 manus
1069 933 1219 1014 exhibet,
1253 957 1322 1022 que

258 1065 374 1108 omnes
404 1043 489 1108 lectu
518 1061 593 1108 sunt
620 1044 788 1109 facillima.
807 1045 884 1109 Non
911 1059 1021 1108 autem
1048 1041 1185 1106 omnino
1206 1041 1323 1122 injuris

259 1165 359 1212 vacat.
378 1149 463 1218 Nam
486 1149 519 1211 in
542 1151 652 1237 paucis
677 1149 755 1214 locis
783 1151 908 1238 paginae
928 1164 1003 1214 totae
1030 1145 1276 1227 desiderantur,
1294 1164 1323 1211 et

259 1255 443 1342 complures
460 1255 599 1343 turpiter
611 1256 765 1320 mutilatae
778 1271 874 1334 sunt,
888 1255 988 1318 literis
997 1253 1172 1318 initialibus
1187 1275 1323 1340 operum

261 1357 447 1446 aliquorum
480 1361 654 1442 inauratis,
681 1384 757 1425 cum
782 1361 982 1450 marginibus
1008 1381 1118 1424 earum
1148 1357 1325 1445 splendidis

261 1465 374 1528 excisis
388 1496 410 1528 ι.
430 1468 476 1519 -’
492 1466 599 1556 Pergit
614 1468 671 1530 Vir
687 1467 823 1532 Illustm's
846 1467 867 1531 l.
888 1468 909 1531 l.
932 1490 964 1554 p.
984 1465 1025 1552 67
1043 1467 1088 1530 sie
1108 1489 1116 1528 t
1138 1465 1324 1532 «Volumen

259 1591 399 1656 quarum
419 1573 567 1636 eontinet
589 1589 654 1638 tres
674 1573 775 1641 libros
796 1572 838 1637 de
859 1572 1000 1652 Officiis,
1025 1569 1065 1636 de
1082 1571 1273 1651 Amicitia»,
1296 1586 1326 1634 et

259 1674 300 1739 al.
312 1713 357 1726 —
373 1707 386 1732 a
399 1677 497 1742 Deest
513 1679 610 1758 hujus
628 1680 801 1744 voluminis
819 1679 1015 1767 principium
1028 1709 1053 1743 ι.
1071 1676 1134 1742 Sed
1152 1695 1190 1741 ut
1207 1677 1325 1742 horum

261 1779 412 1846 codicum
425 1785 549 1848 fructus
562 1802 647 1848 esset
662 1785 808 1865 uberior,
825 1782 942 1848 Oliveti
954 1784 1179 1848 auctoritatem
1194 1784 1326 1870 saepius,

260 1907 357 1972 quam
370 1887 609 1978 Heusingerus,
625 1889 780 1972 adhibui,
801 1913 868 1952 non
886 1907 950 1954 tarn
969 1911 1026 1954 sua
1043 1911 1158 1968 causa,
1175 1911 1276 1975 quarn
1292 1903 1328 1952 ut

260 2004 370 2073 posset
388 1989 429 2054 ab
458 1991 511 2070 iis,
537 1992 656 2078 quibus
675 1990 775 2056 editio
800 1993 868 2070 ejus
891 2013 957 2054 non
979 1992 1013 2054 in
1039 2005 1194 2078 promptu
1221 2006 1326 2068 esset,

261 2089 387 2158 facilius
403 2094 559 2176 judicari,
583 2117 681 2183 qoam
708 2098 929 2162 consentirent
950 2119 1026 2160 curn
1052 2111 1162 2161 nostra
1183 2093 1327 2162 editione

263 2210 325 2262 tres
340 2197 385 2264 illi
397 2198 491 2276 libri,
513 2202 634 2290 quippe
656 2203 730 2290 qui,
751 2203 807 2266 ubi
829 2203 957 2267 Olivetu
976 2202 1245 2290 suffragarentur,
1263 2223 1326 2266 non

260 2319 369 2368 essent
383 2303 416 2366 in
434 2303 542 2370 indice
557 2307 726 2372 nominati.

249 2438 252 2446 ·
304 2407 479 2490 Praeterea,
509 2415 591 2501 hug.
622 2411 764 2478 Seidlero
792 2411 1029 2492 intercedente,
1062 2413 1181 2476 librum
1212 2429 1327 2478 nactus

261 2524 349 2576 eram
379 2515 572 2602 impressum
602 2539 744 2604 eumque
768 2517 844 2582 satis
868 2531 1047 2590 vetustum,
1076 2539 1174 2603 quem
1203 2540 1329 2603 quum,

261 2620 471 2706 typographi,
487 2621 549 2688 loci
561 2637 594 2686 et
611 2623 688 2686 anni
704 2620 826 2688 indicio
846 2621 1032 2694 deficiente,
1049 2620 1193 2688 viderem
1211 2623 1246 2686 in
1259 2624 1327 2710 ple·
1383 2653 1384 2660 ¹

258 2724 367 2811 risque
383 2749 458 2792 oum
475 2727 672 2794 editionibus
684 2728 846 2796 veteribus
857 2727 1093 2814 Lipsiensibus,
1106 2727 1228 2815 quihus
1239 2751 1328 2796 anno

261 2830 345 2919 1507
368 2850 401 2898 et
421 2835 503 2899 1513
521 2837 684 2924 impressis
709 2837 773 2902 Jne.
799 2835 852 2899 Fr.
877 2834 1098 2924 Heusingerus
1122 2859 1203 2902 usus
1225 2854 1327 2918 esset,

257 2936 454 3017 consentire,
471 2937 689 3026 eumdemque
712 2938 865 3006 cumillis
887 2935 1012 3002 fontem
1037 2938 1158 3000 habere
1181 2939 1328 3026 suspica-

257 3065 325 3124 rer3
349 3067 416 3107 non
441 3063 527 3128 erat,
549 3064 586 3110 ut
602 3048 726 3134 ubique
743 3069 818 3110 eum
842 3067 1152 3128 commemorarem,
1176 3043 1252 3126 sed,
1271 3047 1327 3112 ubi

258 3147 432 3231 rideretur,
449 3154 773 3240 appellavit'ncertum
784 3155 812 3218 b.
824 3153 927 3219 altero
941 3152 1026 3216 libro
1039 3153 1165 3218 incerto
1182 3153 1328 3220 Heusin-

256 3255 325 3342 geri
339 3256 350 3342 (
360 3261 470 3322 insert.
487 3259 533 3342 a.)
549 3261 712 3347 opposito.
732 3260 845 3325 Postea
866 3281 918 3324 me
930 3257 1091 3324 Seidlerus
1109 3259 1327 3328 amicissimus

255 3381 315 3448 per
338 3361 446 3426 literas
469 3362 599 3446 docuit,
626 3366 820 3454 impressum
845 3365 937 3430 illurn
963 3365 1082 3429 librum
1101 3387 1171 3429 esse
1192 3383 1327 3432 auctore

253 3465 396 3532 Martino
421 3468 640 3559 Londsbergio
669 3470 914 3557 Herbipolensi,
944 3470 999 3557 qui
1034 3469 1133 3558 vulgo
1163 3469 1327 3536 Martinus

254 3572 497 3662 Herbipoleusis
522 3576 709 3664 appellatur,
731 3577 822 3642 intra
838 3577 977 3664 spatium
999 3597 1162 3642 annorum
1187 3581 1274 3663 1492
1296 3592 1328 3638 et

258 3671 359 3760 1522,
377 3704 514 3768 eamque
536 3681 638 3746 videri
663 3707 732 3748 esse
750 3682 964 3770 Lipsiensium
986 3679 1167 3745 editionum
1185 3684 1326 3770 primam

253 3804 357 3869 quum
373 3801 506 3873 propter
521 3786 598 3850 anni
617 3787 846 3866 omissionem,
864 3803 935 3852 tum
955 3783 1044 3872 quod
1057 3785 1125 3850 hoec
1141 3784 1244 3852 editio
1257 3788 1328 3878 plu·

252 3910 287 3952 ra
303 3891 400 3953 verba
416 3891 549 3956 haberet
565 3894 735 3982 inscripta,
753 3916 853 3980 quam
865 3892 1009 3971 ejusdem
1028 3893 1225 3982 typographi
1246 3895 1324 3958 reli·

252 4017 344 4082 qum:
360 4025 372 4050 ι
388 3995 488 4064 Marci
503 3998 598 4066 Tullii
614 3999 779 4065 Ciceronis
797 3999 940 4067 consulis
956 3999 1083 4062 romani
1106 4014 1139 4061 at
1155 4015 1325 4066 oratorum

204 4167 207 4178 ,
251 4101 382 4164 inaximi
399 4100 440 4166 ad
459 4103 604 4168 Marcum
626 4107 816 4170 Ciceronem
833 4105 934 4170 filium
948 4128 1055 4168 suum.
1068 4104 1222 4170 Officium
1238 4106 1321 4172 liber
