2770 4888
255 425 314 472 xvi
495 409 603 478 iiie.
625 405 790 476 uomit.
809 368 1081 474 oaauuaau'i

256 528 440 592 'censionem
471 553 538 594 non
561 551 663 618 pauca
689 527 730 592 ad
751 527 870 592 horum
897 527 1055 591 librorum
1078 524 1325 614 castigationem

253 647 351 719 atque
383 633 679 724 interpretationem
713 633 822 698 denuo
854 632 1084 696 instituendam
1117 648 1326 696 accesserunt

253 737 405 803 subsidia.
433 741 477 803 Ut
494 758 699 829 praeteream,
717 763 789 829 quie
810 739 928 827 passim
951 761 970 802 a
991 739 1066 802 viris
1081 737 1185 802 doctis
1208 736 1254 802 de
1274 737 1324 800 his

253 843 418 909 Ciceronis
434 847 524 910 libris
549 846 769 912 animadversa
801 860 893 926 suut,
918 845 952 908 in
979 845 1092 932 primis
1113 865 1323 907 commemo·

253 948 352 1044 mnas
369 967 462 1032 suns,
476 975 548 1040 qus
564 933 679 1017 nasia
696 949 966 1040 wyttenbachius
986 951 1020 1014 in
1036 948 1240 1014 Bibliotheca
1259 949 1323 1013 cri-

251 1054 313 1117 tica
329 1051 505 1122 Amstelod.
517 1059 580 1122 vol.
594 1060 629 1139 1,
642 1075 723 1147 part.
738 1057 768 1136 3,
783 1079 859 1122 ann.
877 1054 972 1143 1778,
983 1079 1014 1144 p.
1034 1053 1149 1134 22·3i‚
1165 1056 1200 1118 in
1220 1057 1324 1119 Erne-

249 1158 359 1224 stianae
377 1161 527 1226 editionis
543 1183 700 1245 censura,
715 1161 905 1249 ibidemque
918 1161 988 1224 voli
1000 1161 1048 1236 ll,
1062 1177 1141 1250 part.
1156 1160 1195 1242 8,
1212 1184 1246 1249 p.
1263 1161 1323 1225 52·

250 1262 307 1345 84,
322 1267 468 1354 quinque
482 1269 574 1332 annis
594 1285 667 1357 post
683 1267 723 1332 de.
740 1265 996 1354 Heusingeriaiia
1008 1266 1156 1354 praeclare
1170 1267 1323 1348 monuit,

251 1367 369 1434 additis
395 1371 499 1436 tribus
523 1372 702 1440 codicibus.
730 1373 846 1460 Neque
875 1369 1065 1460 negligenda
1087 1373 1225 1434 fuerunt
1244 1372 1321 1436 Joh.

249 1474 438 1564 Christoph.
463 1477 642 1542 Gottlebeii
664 1500 781 1542 novem
795 1477 970 1564 specimina
987 1475 1321 1543 Animadversionum

247 1577 289 1652 ad
306 1578 405 1644 libros
419 1581 611 1646 Officiorum
628 1583 801 1646 Ciceronis.
818 1583 951 1647 Miserias
972 1605 1046 1646 ann.
1072 1579 1164 1669 1780,
1179 1597 1213 1646 et
1234 1607 1322 1671 qua·

247 1701 324 1748 tuor
338 1688 430 1750 annis
455 1710 543 1776 seqq.
565 1689 651 1752 Tum
670 1710 729 1776 pei·
751 1689 911 1777 insignem
934 1687 1113 1752 Godofredi
1134 1689 1322 1752 Hermanni

248 1790 467 1858 liberalitatem
488 1817 678 1882 expromere
694 1795 785 1859 licuit
803 1818 858 1876 ea,
879 1819 952 1882 quae
970 1795 1011 1860 de
1023 1795 1219 1882 quibusdam
1236 1797 1321 1860 locis

246 1896 436 1988 Frid.Volg.
463 1901 591 1964 Reizius
613 1902 646 1964 in
666 1899 816 1965 editionis
835 1901 1032 1964 Ernestianae
1053 1901 1198 1989 margine
1218 1919 1320 1966 nota·

246 2020 344 2067 verat.
362 2005 484 2070 Eadem
495 2006 559 2085 jam
574 2006 699 2094 pridem
713 2005 886 2093 descripta,
905 2021 938 2068 et
951 2021 1045 2068 notas
1064 2026 1121 2068 sua
1138 2027 1239 2070 manu
1263 2030 1321 2071 ex-

244 2125 346 2173 aratas
366 2133 493 2175 meeum
510 2113 758 2176 communicavit
776 2110 986 2176 amicissimus
1004 2114 1075 2174 Car.
1100 2111 1200 2174 Gottl.
1226 2114 1318 2202 Aug.

245 2215 440 2280 Erfurdtius.
456 2216 507 2281 Ad
518 2217 585 2282 haec
596 2216 743 2282 addenda
760 2233 807 2282 est
822 2220 870 2282 Jo.
886 2218 949 2281 Jac.
969 2217 1152 2305 Hottingeri
1164 2220 1318 2282 Annota-

190 2389 202 2414 '
244 2320 290 2384 tio
306 2321 627 2412 philologic0·eritica
650 2323 690 2388 in¹
707 2322 791 2388 calce
814 2322 876 2386 voli
897 2322 929 2385 11
945 2322 1102 2386 versionis
1116 2324 1318 2410 germanicae

244 2428 402 2502 librorum
417 2429 458 2494 de
469 2429 601 2496 Officiis.
620 2431 729 2495 Turiei
746 2454 822 2495 ann.
844 2430 936 2495 1800.

286 2536 437 2598 Ceterum
465 2538 578 2623 quiin
606 2537 654 2600 his
678 2537 843 2600 Ciceronis
869 2536 958 2599 libris
990 2533 1123 2599 edendis
1149 2533 1316 2602 doctrinae

242 2657 388 2727 quaerant
403 2640 587 2705 uberiorem
606 2643 869 2730 explicationem,
894 2664 998 2728 quum
1014 2641 1093 2710 huic
1109 2641 1192 2729 parti
1215 2642 1315 2706 Heu-

241 2747 360 2835 singeri
372 2769 485 2834 parum
503 2749 744 2829 consuluerint,
761 2770 869 2835 neque
883 2747 899 2810 J
904 2797 910 2810 .
925 2746 1122 2811 Facciolatus
1140 2747 1314 2812 satisfece-

241 2852 297 2933 rit,
314 2853 353 2933 ii,
371 2851 461 2940 quod
475 2855 581 2917 sentio
593 2875 688 2940 quam
701 2854 800 2917 multa
811 2853 987 2916 etiamnum
999 2851 1212 2916 desideraturi
1228 2854 1312 2936 sint,

239 2959 449 3022 meminerint
460 2957 702 3044 consilii,quod
719 2959 800 3022 Dan.
815 2957 1086 3046 Wyttenbachius
1105 2955 1232 3022 dudum
1253 2982 1313 3024 cc·

237 3063 301 3150 pit,
324 3064 481 3153 cujusque
507 3081 583 3127 ante
605 3079 729 3150 septem
752 3079 785 3125 et
806 3063 919 3150 viginti
947 3084 1052 3125 annos
1074 3062 1093 3124 l.
1121 3063 1141 3126 l.
1165 3063 1230 3126 vol.
1255 3065 1311 3147 11,

235 3182 318 3253 part.
344 3168 379 3247 8,
403 3189 475 3255 pag.
494 3167 550 3247 55,
574 3167 684 3231 scribit
703 3189 737 3230 se
755 3167 888 3228 minime
905 3166 1081 3252 poenitere,
1098 3164 1310 3232 edendorum

234 3269 367 3358 quidem
389 3271 562 3358 aliquando
587 3273 707 3336 horum
728 3270 884 3334 librorum
911 3268 951 3334 ad
974 3294 1045 3334 eam
1071 3271 1245 3352 rationem,
1266 3293 1310 3338 ut

234 3375 412 3440 emendatae
433 3375 563 3440 lectioni
582 3391 822 3465 superstruatur
838 3375 993 3440 doctrinae
1013 3377 1233 3464 interpretatio
1251 3401 1309 3443 ac-

233 3484 384 3565 curatior,
393 3480 489 3547 ducta
503 3505 521 3546 e
533 3483 677 3546 fontibus
685 3497 830 3546 veterum
840 3483 1109 3570 philosophorum
1120 3504 1223 3569 quum
1229 3487 1308 3548 uni·

232 3613 417 3670 versorum,
441 3605 511 3652 tum
530 3611 663 3669 eorum,
678 3611 760 3675 quos
780 3589 894 3652 Cicero
910 3603 1066 3674 sequutus
1089 3588 1150 3666 sit,
1172 3588 1302 3654 Stoico-

230 3718 315 3776 rum,
329 3697 360 3759 in
378 3695 490 3785 primis
506 3693 658 3775 Panaetii,
675 3694 864 3775 Hecatonis,
879 3692 1064 3774 Posidonii,
1079 3715 1117 3756 ac
1130 3693 1302 3760 similium.

232 3805 338 3888 Atque
356 3825 444 3866 nunc
464 3801 555 3890 quasi
573 3798 719 3887 quaedam
738 3822 810 3887 spes
827 3800 924 3863 etiam
943 3798 1044 3878 major
1059 3798 1189 3862 videtur
1204 3799 1302 3863 efflo-

229 3907 349 3987 ruisse,
369 3909 457 3988 fore,
470 3921 508 3970 u't
521 3909 554 3970 in
571 3907 679 3994 Belgio
695 3903 852 3994 prodeant
865 3905 900 3967 hi
914 3905 1080 3967 Ciceronis
1093 3904 1166 3966 libri
1184 3903 1226 3967 de
1243 3905 1302 3967 oi-

229 4013 307 4077 liciis
325 4013 386 4076 viri
400 4012 613 4101 philosophiae
624 4011 740 4074 veteris
750 4010 931 4098 peritissimi
947 4031 1023 4072 cura
1036 4025 1068 4072 et
1082 4009 1244 4073 emendati
1264 4027 1299 4074 et

228 4119 386 4184 illustrati.
404 4115 530 4181 Deinde
546 4116 625 4181 illud
644 4116 740 4180 etiam
756 4113 1078 4180 animadvertendum
1091 4131 1149 4196 est,
1167 4139 1239 4202 quae
1253 4116 1298 4179 ad
