2770 4888
257 493 286 535 x
607 469 724 538 NOVI
749 471 965 540 EDITORIS

258 627 336 674 cam
357 616 491 698 artem,
522 603 651 699 quiin
683 603 792 674 latina
816 607 967 702 scripta,
992 627 1151 700 quorum
1179 627 1325 700 magnus

258 741 351 798 esset
369 751 476 811 usus,
496 726 695 825 plurimum
719 727 787 798 sibi
807 728 958 798 licentiae
980 743 1186 814 sumerent3
1217 729 1323 825 idque

257 872 296 921 se
316 847 433 921 facere
452 848 614 920 dicerent
627 849 760 922 scholae
776 853 905 948 gratia,
924 867 965 922 ut
981 850 1053 949 legi
1070 851 1120 922 ab
1142 853 1324 934 omnibus,

256 989 292 1043 et
317 971 470 1072 intelligi
489 990 642 1069 possent.
673 973 814 1046 Scilicet
840 975 911 1046 hoc
933 976 1013 1073 ipso
1034 972 1173 1062 fecere,
1199 1001 1247 1046 ne
1275 976 1323 1044 in·

255 1095 513 1194 telligerentur,
535 1111 571 1170 et
591 1097 694 1194 quod
711 1101 948 1196 consequitur
957 1121 976 1187 ,·
985 1121 1032 1168 ne
1051 1098 1210 1168 arnultis
1233 1097 1323 1194 lege*-

255 1235 392 1292 rentur.
413 1224 606 1292 Enimvero
628 1221 658 1292 si
685 1223 768 1318 quis
793 1245 838 1291 ex
863 1223 963 1292 omni
990 1222 1207 1317 antiquitate
1238 1220 1323 1292 liber

254 1344 423 1440 cognosci
446 1341 574 1431 debet,
592 1355 645 1432 ct,
666 1356 708 1413 ut
729 1341 866 1415 Plinius
891 1346 929 1414 in
956 1341 1168 1415 Praefatione
1194 1345 1323 1415 Histor.

254 1469 334 1538 Nat.
355 1467 424 1554 ait,
448 1464 612 1563 quotidie
637 1469 676 1535 in
703 1465 871 1536 manibus
898 1465 1042 1554 haberi,
1067 1481 1176 1564 atque
1199 1463 1321 1553 edisci,

256 1589 316 1661 hic
330 1591 434 1686 estin
449 1590 591 1687 primis,
607 1590 644 1660 in
666 1614 741 1686 quo
762 1587 881 1662 officia
900 1592 981 1662 vitae
997 1593 1120 1662 omnia
1136 1617 1157 1660 a
1176 1593 1254 1663 viro
1271 1617 1323 1664 sa·

255 1715 481 1812 pientissimo
512 1729 550 1784 et
578 1712 878 1809 eloquentissimo
908 1708 954 1786 ad
984 1713 1100 1785 filium
1128 1719 1321 1814 perscripta

255 1837 515 1908 continentur:
542 1834 605 1908 sed
636 1834 839 1908 adulterina
870 1837 1002 1935 passim
1038 1839 1190 1926 inserta,
1217 1852 1321 1936 atque

254 1957 340 2031 inde
356 1972 444 2030 ortae
462 1957 657 2030 verborum
677 1984 718 2031 ac
737 1962 997 2033 sententiarum
1015 1961 1319 2058 perturbationes,

253 2082 420 2182 profecto
441 2108 518 2154 non
539 2085 616 2156 sine
639 2108 745 2156 causa
768 2083 950 2156 studiosos
978 2084 1173 2158 deterrent.
1197 2089 1318 2157 Junio·

252 2231 309 2277 res
338 2207 451 2277 critici
480 2205 637 2278 maculas
664 2207 836 2305 plurimas
860 2206 1049 2294 cluerunt,
1082 2213 1214 2306 partim
1238 2234 1319 2280 vero

253 2329 471 2427 suspicando
496 2344 693 2418 notarunt,
721 2329 785 2402 sed
816 2330 991 2428 quasdam
1019 2331 1126 2403 ctiam
1154 2355 1223 2430 pro
1253 2331 1318 2402 hu·

252 2455 350 2524 mani
369 2452 576 2526 conditione
595 2455 749 2552 ingenii,
765 2443 930 2551 quamvis
951 2457 1167 2552 sagacissimi
1189 2469 1317 2540 essent,

253 2578 514 2674 praetcrierunt.
547 2577 685 2648 Placuit
716 2578 806 2648 mihi
835 2603 985 2676 quoque
1014 2583 1188 2677 experiri,
1217 2603 1315 2650 nnm-

255 2699 346 2796 quid
360 2699 552 2772 commode
571 2698 688 2772 facere
704 2725 871 2797 possem,
894 2702 1027 2773 auxilio
1049 2704 1246 2801 prasertim
1260 2726 1316 2770 ve·

253 2823 339 2894 teris
362 2822 515 2910 codicis,
543 2847 655 2920 quem
674 2821 924 2921 superioribus
945 2825 1065 2915 annis,
1090 2849 1206 2921 quum
1225 2821 1315 2894 aliud

252 2972 413 3045 agerem,
434 2946 528 3019 sorte
554 2945 702 3018 fortuna
724 2949 945 3046 inveneram.
971 2951 1054 3020 Non
1080 2961 1134 3019 est
1160 2948 1219 3018 hic
1241 2949 1314 3044 qui·

251 3070 334 3142 dem
354 3095 436 3140 cum
455 3071 523 3142 illis
537 3069 687 3141 fortasse
705 3068 986 3167 comparandus,
1006 3094 1098 3166 quos
1118 3070 1222 3142 multi
1240 3082 1315 3140 ante

252 3219 321 3266 nos
356 3195 591 3292 interpretes,
618 3195 685 3263 viri
718 3195 870 3280 summi,
903 3191 1068 3289 undique
1101 3191 1315 3290 conquisitos

252 3321 513 3392 examinarunt.
534 3317 604 3388 Sed
624 3320 704 3416 quis
726 3316 871 3390 tandem
895 3316 1009 3389 codex
1033 3318 1185 3415 reperiri
1206 3327 1314 3414 potest

251 3458 360 3515 tantas
379 3443 602 3540 antiquitatis
617 3457 652 3514 et
667 3442 769 3530 fidei,
790 3457 830 3513 ut
850 3468 869 3513 a
890 3443 1015 3541 primis
1037 3440 1210 3540 exemplis
1228 3463 1313 3510 uon-

251 3569 399 3640 durnin
423 3567 547 3640 schola
569 3569 661 3640 tritis
683 3593 756 3638 non
786 3566 996 3664 longissimo
1016 3565 1208 3638 intervallo
1226 3587 1311 3634 rece·

251 3690 332 3762 dat?
350 3697 425 3788 Ego
444 3694 659 3764 Ciceronem
677 3693 715 3760 in
735 3693 913 3764 Cicerone
932 3690 1097 3787 quaesivi3
1121 3692 1312 3786 saepiusque

252 3815 425 3910 cogitavi,
455 3813 543 3913 quid
571 3816 647 3911 ipse
674 3814 872 3911 scripserit,
899 3836 1009 3910 quarn
1040 3811 1129 3908 quid
1155 3811 1214 3881 alii
1239 3819 1312 3906 post

251 3935 341 4007 alios
360 3938 625 4034 exscripserint.
643 3941 686 4007 ln
706 3961 781 4034 qno
800 3952 923 4008 tamen
944 3935 1094 4007 modum
1112 3935 1231 4022 tenui,
1248 3955 1311 4001 mo

251 4058 375 4130 nendo
394 4061 538 4156 saepius,
558 4086 668 4158 quam
692 4060 893 4132 mutando:
922 4085 964 4132 ac
990 4059 1035 4131 de
1064 4083 1148 4131 meo
1176 4055 1309 4156 quidem

252 4185 281 4254 si
301 4180 390 4279 quid
411 4207 600 4280 aspergere
620 4209 727 4262 ausus
747 4209 848 4275 sum,
873 4187 1031 4282 ingenue
1052 4183 1260 4280 significavi3
1274 4190 1309 4248 ut
