2828 4896
275 517 298 560 x
515 492 620 560 AUG.
637 489 807 559 GOTTH.
826 491 1095 559 GERNHARDI

276 611 420 678 debatur.
439 615 520 696 Quae
535 615 634 702 igitur
650 635 688 676 ex
705 630 853 677 accurata
864 612 962 693 hujus
979 612 1086 700 operis
1100 611 1289 674 tractatione
1300 608 1342 672 ad

275 737 483 810 promanant
502 720 674 784 lectionem
688 718 943 800 emendandam,
960 717 1230 804 obscurioresque
1246 737 1344 779 voces

276 849 313 891 ac
324 826 498 892 sententias
515 821 719 890 illustrandas
732 823 987 906 redundasseut,
1005 846 1040 887 ea
1050 823 1200 912 colligere
1215 839 1249 885 et
1264 843 1344 884 cum

275 933 333 1013 iis,
352 933 504 1020 quaejam
527 931 562 994 in
585 930 649 994 boc
673 951 790 1018 genere
807 931 986 994 constimta
1007 944 1131 1010 essent,
1153 949 1344 1016 comparare

276 1038 340 1102 boc
358 1039 453 1102 etiam
470 1035 578 1099 minus
595 1034 757 1118 dubitari,
776 1057 895 1122 quum,
912 1034 1037 1124 quiea,
1056 1057 1127 1122 quae
1144 1029 1342 1122 Heusingeri

275 1161 350 1232 post
362 1145 440 1208 alios
456 1158 512 1205 aut
526 1141 587 1229 ipsi
604 1163 669 1204 non
683 1158 770 1205 recte
780 1139 1020 1222 judicaverant,
1038 1156 1095 1203 aut
1110 1139 1179 1203 aliis
1197 1137 1346 1227 aperien-

276 1248 316 1313 da
330 1249 545 1336 reliquerant,
569 1246 602 1308 in
628 1269 710 1309 nova
728 1245 873 1310 editione
893 1241 1080 1310 adornanda
1104 1243 1343 1322 recensuisset,

276 1354 428 1444 equidem
444 1354 557 1418 scirem
575 1353 748 1416 neminem.
769 1352 854 1416 Nam
871 1353 904 1416 iu
922 1352 1078 1440 Lipsiensi
1093 1350 1254 1431 editione,
1269 1371 1346 1439 quae

277 1461 319 1526 de
349 1481 543 1546 aon0179o
570 1481 645 1522 cum
672 1457 802 1522 delectu
826 1458 1144 1524 Commentariorum
1169 1459 1202 1520 in
1222 1458 1346 1538 juven·

277 1568 357 1632 tutis
383 1565 516 1655 gratiam
539 1561 628 1651 apud
651 1563 833 1650 Grapbium
852 1579 994 1651 prostat,
1016 1577 1087 1626 tum
1110 1563 1144 1626 in
1164 1585 1218 1643 ea,
1244 1585 1347 1650 quam

277 1673 313 1736 F.
330 1671 368 1734 G.
387 1669 525 1734 Rornius
546 1691 598 1732 au.
625 1690 723 1755 1799,
750 1667 856 1732 indice
874 1668 1043 1750 instruxit,
1064 1667 1207 1756 denique
1222 1669 1256 1732 in
1279 1669 1346 1732 De·

277 1777 363 1868 genii
376 1775 517 1840 editione
531 1773 633 1838 Berol.
648 1796 702 1838 aa.
720 1773 821 1855 1800,
844 1789 951 1838 textus
968 1773 1162 1838 emendandi
1179 1791 1237 1838 aut
1252 1773 1347 1838 nulla

277 1881 387 1948 habita
405 1885 488 1946 cura'
500 1897 565 1962 est,
581 1895 638 1944 aut
653 1881 787 1968 exigua,
806 1879 863 1944 sed
880 1881 1168 1969 Heusingerianaan
1183 1881 1350 1944 recensio-

279 2011 355 2054 nem
374 1988 505 2076 sequuti
518 1987 570 2050 isti
586 1983 727 2050 editores
741 1987 982 2076 grammaticam
1000 2004 1032 2051 et
1047 1987 1233 2052 historicam
1245 1987 1350 2050 inter·

278 2095 493 2184 pretationem
516 2092 681 2172 adjuvare
699 2093 774 2156 satis
803 2115 872 2158 esse
899 2109 1104 2182 putaverunt
1125 2093 1351 2157 Vehementer

278 2219 387 2268 autem
410 2217 536 2282 errant,
561 2199 588 2264 si
612 2199 667 2286 qui
696 2199 777 2262 illud
801 2199 1035 2266 exercitationis
1055 2223 1173 2289 genus,
1200 2197 1292 2286 quod
1311 2201 1350 2264 in

278 2311 355 2374 artis
381 2308 499 2372 criticae
515 2329 578 2372 usu
595 2321 663 2388 est,
687 2305 821 2394 quodsi
846 2307 971 2372 ratione
996 2304 1082 2372 litet
1105 2305 1285 2387 moderate,
1304 2305 1351 2369 ad

275 2413 388 2498 judicii
404 2413 468 2477 vim
483 2409 662 2477 acuendam
677 2408 874 2500 dicendique
886 2412 1053 2476 scientiam
1069 2409 1250 2500 augendam
1266 2433 1352 2475 con-

279 2521 342 2586 fert
371 2518 566 2608 plurimum,
596 2538 614 2581 e
643 2515 834 2582 scholastica
860 2516 1027 2606 disciplina
1051 2533 1166 2606 putant
1192 2517 1352 2581 extermi-

280 2625 436 2692 nandum.

324 2733 532 2820 Quapropter
540 2749 643 2818 quum
660 2731 694 2794 in
707 2730 772 2794 hoo
787 2731 1022 2796 commentario
1034 2729 1069 2794 id
1084 2729 1247 2820 agendum
1264 2731 1352 2794 mibi

282 2863 352 2905 esse
367 2837 599 2916 existimarem,
614 2853 653 2899 ut
665 2836 724 2924 qui
740 2836 840 2900 libros
857 2836 898 2900 de
912 2835 1035 2902 Officiis
1051 2837 1165 2901 acriori
1181 2835 1292 2900 studio
1306 2836 1354 2901 le·

283 2960 410 3034 gerent,
422 2944 472 3008 bis
489 2939 752 3006 commodissime
768 2962 805 3006 ea
815 2957 1040 3031 suppeterent,
1051 2963 1123 3030 quse
1132 2941 1174 3006 ad
1182 2941 1350 3029 cujusque

282 3051 345 3116 loci
370 3050 529 3116 rationem
554 3045 784 3134 explorandam
808 3047 1024 3136 pertinerent,
1049 3063 1223 3136 propagata
1250 3045 1353 3110 lectio

283 3154 393 3220 denuo
414 3171 482 3220 erat
502 3151 780 3240 recognoscenda,
815 3173 917 3240 eaque
947 3151 1071 3240 ubique
1098 3149 1354 3233 constituenda,

284 3284 356 3349 quar
371 3285 387 3324 a
400 3259 551 3324 coelicum
567 3255 774 3340 auctoritate,
800 3257 967 3322 sententie
981 3257 1132 3338 veritate,
1159 3239 1255 3345 atque
1272 3279 1353 3320 ora-

284 3367 382 3430 tionis
400 3364 516 3428 virtute
541 3360 679 3426 maxime
702 3359 995 3444 commendaretur,
1012 3360 1242 3450 videreturque
1267 3361 1353 3424 scri·

283 3472 385 3564 ptoris
402 3468 535 3533 consssio
555 3465 751 3555 dignissima.
771 3468 833 3532 Cui
855 3467 1006 3532 instituto
1026 3468 1069 3532 ita
1086 3457 1354 3532 satislaoiendum

284 3579 414 3668 putari,
440 3591 478 3640 ut
498 3571 637 3638 audaciae
655 3573 907 3662 temeritatisque
930 3574 1058 3662 culpam
1083 3572 1245 3662 fugerem,
1265 3573 1354 3636 mol-

284 3687 414 3772 lemque
428 3681 589 3770 vulgatam
606 3678 778 3742 lectionem
795 3679 948 3759 retinere,
967 3701 1066 3766 quam
1087 3701 1124 3742 ea
1142 3702 1213 3768 quae
1226 3678 1354 3765 proba-

284 3792 398 3856 biliora
415 3803 537 3867 essent,
555 3806 659 3873 quum
677 3786 857 3850 certissimo
880 3786 937 3850 illo
958 3784 1108 3850 codicum
1128 3782 1277 3872 praesidio
1295 3806 1354 3848 ca-

283 3911 407 3976 rerent,
428 3893 462 3956 in
483 3892 552 3972 ejus
573 3891 646 3954 loeo
669 3911 800 3976 ponere.
821 3891 915 3954 Certe
940 3890 1002 3954 uisi
1021 3890 1065 3970 si,
1082 3888 1268 3969 codicibus,
1289 3891 1355 3976 qui

283 4001 521 4078 innotuissent,
537 3996 691 4062 omnibus
709 3996 906 4085 depravatis,
932 3997 1082 4062 laciffima
1104 3997 1291 4076 conjectura
1308 3998 1354 4060 li-

282 4127 349 4176 tem
362 4105 545 4184 &imorem
564 4125 746 4188 verumque
758 4123 889 4167 sensum
903 4103 1061 4191 aperiret,
1073 4103 1156 4168 hanc
1166 4123 1234 4166 noo
1245 4125 1354 4167 ausus

278 4239 352 4282 sum
372 4211 524 4303 recipere.
