<?xml version="1.0" encoding="UTF-8"?>
<!DOCTYPE html PUBLIC "-//W3C//DTD XHTML 1.0 Transitional//EN"
    "http://www.w3.org/TR/xhtml1/DTD/xhtml1-transitional.dtd">
<html xmlns="http://www.w3.org/1999/xhtml" xml:lang="en" lang="en">
 <head>
  <title>
</title>
<meta http-equiv="Content-Type" content="text/html;charset=utf-8" />
  <meta name='ocr-system' content='tesseract 3.04.00' />
  <meta name='ocr-capabilities' content='ocr_page ocr_carea ocr_par ocr_line ocrx_word'/>
</head>
<body>
  <div class='ocr_page' id='page_1' title='image "bibliothecaclas95lemagoog_0029.png"; bbox 0 0 2770 4888; ppageno 0'>
   <div class='ocr_carea' id='block_1_1' title="bbox 236 457 1309 688">
    <p class='ocr_par' dir='ltr' id='par_1_1' title="bbox 236 457 1309 688">
     <span class='ocr_line' id='line_1_1' title="bbox 237 457 940 548; baseline 0.001 -25"><span class='ocrx_word' id='word_1_1' title='bbox 237 457 322 548; x_wconf 65' lang='grc' dir='ltr'><strong>κιαι]</strong></span> <span class='ocrx_word' id='word_1_2' title='bbox 585 460 700 529; x_wconf 87' lang='lat' dir='ltr'><strong>NOVI</strong></span> <span class='ocrx_word' id='word_1_3' title='bbox 725 457 940 528; x_wconf 87' lang='lat' dir='ltr'><strong>EDITORIS</strong></span> 
     </span>
     <span class='ocr_line' id='line_1_2' title="bbox 236 588 1309 688; baseline 0 -30"><span class='ocrx_word' id='word_1_4' title='bbox 236 603 380 662; x_wconf 82' lang='lat' dir='ltr'><strong>nectere</strong></span> <span class='ocrx_word' id='word_1_5' title='bbox 405 591 563 686; x_wconf 87' lang='lat' dir='ltr'><strong>potuerit</strong></span> <span class='ocrx_word' id='word_1_6' title='bbox 589 615 648 678; x_wconf 79' lang='lat' dir='ltr'><strong>ea,</strong></span> <span class='ocrx_word' id='word_1_7' title='bbox 678 615 757 688; x_wconf 87' lang='lat' dir='ltr'><strong>quae</strong></span> <span class='ocrx_word' id='word_1_8' title='bbox 787 588 916 661; x_wconf 66' lang='lat' dir='ltr'><strong>trelius</strong></span> <span class='ocrx_word' id='word_1_9' title='bbox 947 591 1102 685; x_wconf 90' lang='lat' dir='ltr'><strong>opponit</strong></span> <span class='ocrx_word' id='word_1_10' title='bbox 1132 593 1152 682; x_wconf 82' lang='lat'>§</span> <span class='ocrx_word' id='word_1_11' title='bbox 1180 592 1218 675; x_wconf 88' lang='lat'><strong>8,</strong></span> <span class='ocrx_word' id='word_1_12' title='bbox 1246 604 1309 662; x_wconf 86' lang='lat' dir='ltr'><strong>aut</strong></span> 
     </span>
    </p>
   </div>
   <div class='ocr_carea' id='block_1_2' title="bbox 148 689 1311 1308">
    <p class='ocr_par' dir='ltr' id='par_1_2' title="bbox 148 689 1311 1308">
     <span class='ocr_line' id='line_1_3' title="bbox 233 689 1309 812; baseline 0.005 -29"><span class='ocrx_word' id='word_1_13' title='bbox 233 713 276 802; x_wconf 83' lang='lat' dir='ltr'><strong>Q.</strong></span> <span class='ocrx_word' id='word_1_14' title='bbox 295 713 393 784; x_wconf 87' lang='lat' dir='ltr'>Fabii</span> <span class='ocrx_word' id='word_1_15' title='bbox 415 715 678 802; x_wconf 80' lang='lat' dir='ltr'>laudationem,</span> <span class='ocrx_word' id='word_1_16' title='bbox 701 719 721 810; x_wconf 71' lang='lat' dir='ltr'><strong>S</strong></span> <span class='ocrx_word' id='word_1_17' title='bbox 746 741 809 802; x_wconf 85' lang='lat' dir='ltr'><strong>ro,</strong></span> <span class='ocrx_word' id='word_1_18' title='bbox 826 714 870 784; x_wconf 81' lang='lat' dir='ltr'><strong>nd</strong></span> <span class='ocrx_word' id='word_1_19' title='bbox 895 715 1018 812; x_wconf 66' lang='lat' dir='ltr'><strong>primae</strong></span> <span class='ocrx_word' id='word_1_20' title='bbox 1036 689 1151 790; x_wconf 72' lang='lat' dir='ltr'><strong>cauete</strong></span> <span class='ocrx_word' id='word_1_21' title='bbox 1170 715 1309 788; x_wconf 83' lang='lat' dir='ltr'><strong>reluta-</strong></span> 
     </span>
     <span class='ocr_line' id='line_1_4' title="bbox 148 839 1309 937; baseline 0.005 -31"><span class='ocrx_word' id='word_1_22' title='bbox 148 851 151 868; x_wconf 81' lang='lat'>·</span> <span class='ocrx_word' id='word_1_23' title='bbox 235 841 390 925; x_wconf 84' lang='lat' dir='ltr'><strong>tionem,</strong></span> <span class='ocrx_word' id='word_1_24' title='bbox 414 865 443 911; x_wconf 92' lang='lat' dir='ltr'><strong>c.</strong></span> <span class='ocrx_word' id='word_1_25' title='bbox 465 840 506 929; x_wconf 89' lang='lat'><strong>6,</strong></span> <span class='ocrx_word' id='word_1_26' title='bbox 534 839 745 929; x_wconf 84' lang='lat' dir='ltr'><strong>transferre,</strong></span> <span class='ocrx_word' id='word_1_27' title='bbox 765 839 822 910; x_wconf 90' lang='lat' dir='ltr'><strong>vel</strong></span> <span class='ocrx_word' id='word_1_28' title='bbox 841 839 948 910; x_wconf 88' lang='lat' dir='ltr'><strong>etiam</strong></span> <span class='ocrx_word' id='word_1_29' title='bbox 968 862 1051 909; x_wconf 90' lang='lat' dir='ltr'><strong>cum</strong></span> <span class='ocrx_word' id='word_1_30' title='bbox 1071 841 1178 937; x_wconf 77' lang='lat' dir='ltr'><strong>Appii</strong></span> <span class='ocrx_word' id='word_1_31' title='bbox 1199 840 1309 912; x_wconf 84' lang='lat' dir='ltr'><strong>Clau·</strong></span> 
     </span>
     <span class='ocr_line' id='line_1_5' title="bbox 236 959 1311 1064; baseline 0.006 -34"><span class='ocrx_word' id='word_1_32' title='bbox 236 959 286 1031; x_wconf 90' lang='lat' dir='ltr'><strong>dii</strong></span> <span class='ocrx_word' id='word_1_33' title='bbox 321 963 507 1062; x_wconf 84' lang='lat' dir='ltr'><strong>exemplo,</strong></span> <span class='ocrx_word' id='word_1_34' title='bbox 537 990 615 1064; x_wconf 86' lang='lat' dir='ltr'><strong>cap.</strong></span> <span class='ocrx_word' id='word_1_35' title='bbox 646 989 700 1050; x_wconf 83' lang='lat' dir='ltr'><strong>rr,</strong></span> <span class='ocrx_word' id='word_1_36' title='bbox 734 963 978 1058; x_wconf 83' lang='lat' dir='ltr'><strong>conjungere?</strong></span> <span class='ocrx_word' id='word_1_37' title='bbox 1011 961 1109 1033; x_wconf 88' lang='lat' dir='ltr'><strong>Nihil</strong></span> <span class='ocrx_word' id='word_1_38' title='bbox 1140 962 1311 1061; x_wconf 87' lang='lat' dir='ltr'><strong>prolecto</strong></span> 
     </span>
     <span class='ocr_line' id='line_1_6' title="bbox 235 1070 1311 1184; baseline 0 -28"><span class='ocrx_word' id='word_1_39' title='bbox 235 1101 363 1182; x_wconf 83' lang='lat' dir='ltr'><strong>agunt,</strong></span> <span class='ocrx_word' id='word_1_40' title='bbox 383 1087 525 1184; x_wconf 89' lang='lat' dir='ltr'><strong>quitali</strong></span> <span class='ocrx_word' id='word_1_41' title='bbox 545 1089 776 1159; x_wconf 85' lang='lat' dir='ltr'><strong>excusatione</strong></span> <span class='ocrx_word' id='word_1_42' title='bbox 795 1084 853 1156; x_wconf 87' lang='lat' dir='ltr'><strong>vel</strong></span> <span class='ocrx_word' id='word_1_43' title='bbox 873 1070 1083 1155; x_wconf 80' lang='lat' dir='ltr'><strong>defensione</strong></span> <span class='ocrx_word' id='word_1_44' title='bbox 1106 1109 1214 1181; x_wconf 84' lang='lat' dir='ltr'><strong>egere</strong></span> <span class='ocrx_word' id='word_1_45' title='bbox 1238 1111 1311 1184; x_wconf 86' lang='lat' dir='ltr'><strong>pu-</strong></span> 
     </span>
     <span class='ocr_line' id='line_1_7' title="bbox 233 1207 1308 1308; baseline 0.012 -29"><span class='ocrx_word' id='word_1_46' title='bbox 233 1223 311 1280; x_wconf 87' lang='lat' dir='ltr'><strong>tant</strong></span> <span class='ocrx_word' id='word_1_47' title='bbox 329 1211 496 1308; x_wconf 70' lang='lat' dir='ltr'><strong>preclare</strong></span> <span class='ocrx_word' id='word_1_48' title='bbox 512 1225 675 1284; x_wconf 87' lang='lat' dir='ltr'><strong>veterum</strong></span> <span class='ocrx_word' id='word_1_49' title='bbox 695 1211 912 1306; x_wconf 88' lang='lat' dir='ltr'><strong>scriptorum</strong></span> <span class='ocrx_word' id='word_1_50' title='bbox 930 1207 1094 1304; x_wconf 85' lang='lat' dir='ltr'><strong>ingenia!</strong></span> <span class='ocrx_word' id='word_1_51' title='bbox 1109 1237 1126 1284; x_wconf 75' lang='lat' dir='ltr'><strong>r</strong></span> <span class='ocrx_word' id='word_1_52' title='bbox 1145 1209 1308 1307; x_wconf 67' lang='lat' dir='ltr'><strong>(Proleg.</strong></span> 
     </span>
    </p>
   </div>
   <div class='ocr_carea' id='block_1_3' title="bbox 197 1335 551 1431">
    <p class='ocr_par' dir='ltr' id='par_1_3' title="bbox 197 1335 551 1431">
     <span class='ocr_line' id='line_1_8' title="bbox 197 1335 551 1431; baseline 0.014 -29"><span class='ocrx_word' id='word_1_53' title='bbox 197 1354 199 1360; x_wconf 83' lang='grc'><strong>’</strong></span> <span class='ocrx_word' id='word_1_54' title='bbox 234 1349 314 1430; x_wconf 87' lang='lat' dir='ltr'><strong>pag.</strong></span> <span class='ocrx_word' id='word_1_55' title='bbox 330 1359 386 1419; x_wconf 86' lang='lat' dir='ltr'><strong>xv,</strong></span> <span class='ocrx_word' id='word_1_56' title='bbox 405 1349 482 1404; x_wconf 94' lang='lat' dir='ltr'><strong>not.</strong></span> <span class='ocrx_word' id='word_1_57' title='bbox 502 1335 551 1431; x_wconf 85' lang='lat'><strong>3.)</strong></span> 
     </span>
    </p>
   </div>
   <div class='ocr_carea' id='block_1_4' title="bbox 229 1525 1317 2492">
    <p class='ocr_par' dir='ltr' id='par_1_4' title="bbox 229 1525 1317 2492">
     <span class='ocr_line' id='line_1_9' title="bbox 280 1525 1310 1627; baseline 0.003 -31"><span class='ocrx_word' id='word_1_58' title='bbox 280 1530 455 1600; x_wconf 83' lang='lat' dir='ltr'><strong>Praeterea</strong></span> <span class='ocrx_word' id='word_1_59' title='bbox 473 1527 736 1627; x_wconf 72' lang='lat' dir='ltr'><strong>praefationem,</strong></span> <span class='ocrx_word' id='word_1_60' title='bbox 759 1531 890 1627; x_wconf 85' lang='lat' dir='ltr'><strong>inqua</strong></span> <span class='ocrx_word' id='word_1_61' title='bbox 914 1525 1150 1601; x_wconf 88' lang='lat' dir='ltr'><strong>Gernhardus</strong></span> <span class='ocrx_word' id='word_1_62' title='bbox 1171 1550 1239 1597; x_wconf 88' lang='lat' dir='ltr'><strong>sua</strong></span> <span class='ocrx_word' id='word_1_63' title='bbox 1269 1531 1310 1599; x_wconf 89' lang='lat' dir='ltr'><strong>in</strong></span> 
     </span>
     <span class='ocr_line' id='line_1_10' title="bbox 233 1647 1314 1737; baseline 0 -15"><span class='ocrx_word' id='word_1_64' title='bbox 233 1647 333 1722; x_wconf 90' lang='lat' dir='ltr'><strong>hunc</strong></span> <span class='ocrx_word' id='word_1_65' title='bbox 350 1649 482 1722; x_wconf 90' lang='lat' dir='ltr'><strong>librum</strong></span> <span class='ocrx_word' id='word_1_66' title='bbox 498 1651 543 1724; x_wconf 91' lang='lat' dir='ltr'><strong>de</strong></span> <span class='ocrx_word' id='word_1_67' title='bbox 560 1656 751 1724; x_wconf 87' lang='lat' dir='ltr'><strong>Senectute</strong></span> <span class='ocrx_word' id='word_1_68' title='bbox 771 1653 897 1724; x_wconf 85' lang='lat' dir='ltr'><strong>merita</strong></span> <span class='ocrx_word' id='word_1_69' title='bbox 912 1648 1161 1737; x_wconf 84' lang='lat' dir='ltr'><strong>commendat,</strong></span> <span class='ocrx_word' id='word_1_70' title='bbox 1177 1649 1314 1722; x_wconf 88' lang='lat' dir='ltr'><strong>libros·</strong></span> 
     </span>
     <span class='ocr_line' id='line_1_11' title="bbox 235 1775 1314 1878; baseline 0.003 -34"><span class='ocrx_word' id='word_1_71' title='bbox 235 1799 307 1874; x_wconf 89' lang='lat' dir='ltr'><strong>que</strong></span> <span class='ocrx_word' id='word_1_72' title='bbox 337 1789 413 1846; x_wconf 91' lang='lat' dir='ltr'><strong>tum</strong></span> <span class='ocrx_word' id='word_1_73' title='bbox 438 1778 591 1875; x_wconf 89' lang='lat' dir='ltr'><strong>scriptos</strong></span> <span class='ocrx_word' id='word_1_74' title='bbox 620 1792 697 1849; x_wconf 87' lang='lat' dir='ltr'><strong>turn</strong></span> <span class='ocrx_word' id='word_1_75' title='bbox 727 1779 940 1878; x_wconf 88' lang='lat' dir='ltr'><strong>impressos,</strong></span> <span class='ocrx_word' id='word_1_76' title='bbox 962 1775 1097 1874; x_wconf 91' lang='lat' dir='ltr'><strong>quibus</strong></span> <span class='ocrx_word' id='word_1_77' title='bbox 1126 1778 1314 1874; x_wconf 86' lang='lat' dir='ltr'><strong>praecipue</strong></span> 
     </span>
     <span class='ocr_line' id='line_1_12' title="bbox 232 1897 1315 1998; baseline 0.004 -30"><span class='ocrx_word' id='word_1_78' title='bbox 232 1923 319 1969; x_wconf 89' lang='lat' dir='ltr'><strong>usus</strong></span> <span class='ocrx_word' id='word_1_79' title='bbox 333 1915 403 1984; x_wconf 90' lang='lat' dir='ltr'><strong>est,</strong></span> <span class='ocrx_word' id='word_1_80' title='bbox 419 1897 605 1989; x_wconf 86' lang='lat' dir='ltr'><strong>describit,</strong></span> <span class='ocrx_word' id='word_1_81' title='bbox 623 1927 764 1976; x_wconf 85' lang='lat' dir='ltr'><strong>servare</strong></span> <span class='ocrx_word' id='word_1_82' title='bbox 778 1901 883 1972; x_wconf 91' lang='lat' dir='ltr'><strong>nobis</strong></span> <span class='ocrx_word' id='word_1_83' title='bbox 899 1926 1018 1998; x_wconf 84' lang='lat' dir='ltr'><strong>operae</strong></span> <span class='ocrx_word' id='word_1_84' title='bbox 1034 1900 1190 1997; x_wconf 88' lang='lat' dir='ltr'><strong>pretium</strong></span> <span class='ocrx_word' id='word_1_85' title='bbox 1207 1901 1315 1973; x_wconf 85' lang='lat' dir='ltr'><strong>vide·</strong></span> 
     </span>
     <span class='ocr_line' id='line_1_13' title="bbox 232 2019 1314 2124; baseline 0.006 -34"><span class='ocrx_word' id='word_1_86' title='bbox 232 2019 355 2108; x_wconf 80' lang='lat' dir='ltr'><strong>batur3</strong></span> <span class='ocrx_word' id='word_1_87' title='bbox 368 2048 482 2124; x_wconf 90' lang='lat' dir='ltr'><strong>quum</strong></span> <span class='ocrx_word' id='word_1_88' title='bbox 496 2050 581 2096; x_wconf 83' lang='lat' dir='ltr'><strong>vero</strong></span> <span class='ocrx_word' id='word_1_89' title='bbox 599 2023 810 2111; x_wconf 78' lang='lat' dir='ltr'><strong>ParadoxiS‚</strong></span> <span class='ocrx_word' id='word_1_90' title='bbox 830 2050 909 2123; x_wconf 87' lang='lat' dir='ltr'><strong>quae</strong></span> <span class='ocrx_word' id='word_1_91' title='bbox 925 2049 999 2094; x_wconf 86' lang='lat' dir='ltr'><strong>una</strong></span> <span class='ocrx_word' id='word_1_92' title='bbox 1018 2047 1100 2094; x_wconf 87' lang='lat' dir='ltr'><strong>eum</strong></span> <span class='ocrx_word' id='word_1_93' title='bbox 1118 2021 1214 2092; x_wconf 92' lang='lat' dir='ltr'><strong>libro</strong></span> <span class='ocrx_word' id='word_1_94' title='bbox 1235 2023 1314 2096; x_wconf 92' lang='lat' dir='ltr'><strong>hoc</strong></span> 
     </span>
     <span class='ocr_line' id='line_1_14' title="bbox 233 2141 1313 2234; baseline 0.005 -21"><span class='ocrx_word' id='word_1_95' title='bbox 233 2141 278 2214; x_wconf 91' lang='lat' dir='ltr'><strong>de</strong></span> <span class='ocrx_word' id='word_1_96' title='bbox 298 2148 489 2220; x_wconf 89' lang='lat' dir='ltr'><strong>Senectute</strong></span> <span class='ocrx_word' id='word_1_97' title='bbox 508 2149 545 2218; x_wconf 92' lang='lat' dir='ltr'><strong>in</strong></span> <span class='ocrx_word' id='word_1_98' title='bbox 566 2147 695 2219; x_wconf 90' lang='lat' dir='ltr'><strong>eodem</strong></span> <span class='ocrx_word' id='word_1_99' title='bbox 713 2147 897 2217; x_wconf 86' lang='lat' dir='ltr'><strong>volumine</strong></span> <span class='ocrx_word' id='word_1_100' title='bbox 918 2144 1153 2219; x_wconf 87' lang='lat' dir='ltr'><strong>Gernhardus</strong></span> <span class='ocrx_word' id='word_1_101' title='bbox 1172 2146 1313 2234; x_wconf 87' lang='lat' dir='ltr'><strong>edidit,</strong></span> 
     </span>
     <span class='ocr_line' id='line_1_15' title="bbox 229 2251 1316 2368; baseline 0.005 -31"><span class='ocrx_word' id='word_1_102' title='bbox 229 2266 304 2360; x_wconf 82' lang='lat' dir='ltr'><strong>jam</strong></span> <span class='ocrx_word' id='word_1_103' title='bbox 332 2268 636 2366; x_wconf 84' lang='lat' dir='ltr'><strong>praeposuerimus</strong></span> <span class='ocrx_word' id='word_1_104' title='bbox 667 2271 767 2342; x_wconf 89' lang='lat' dir='ltr'><strong>istius</strong></span> <span class='ocrx_word' id='word_1_105' title='bbox 788 2251 1020 2368; x_wconf 42' lang='lat' dir='ltr'><strong>&#39;praefationis</strong></span> <span class='ocrx_word' id='word_1_106' title='bbox 1054 2283 1193 2365; x_wconf 83' lang='lat' dir='ltr'><strong>partem</strong></span> <span class='ocrx_word' id='word_1_107' title='bbox 1235 2297 1316 2368; x_wconf 88' lang='lat' dir='ltr'><strong>qna</strong></span> 
     </span>
     <span class='ocr_line' id='line_1_16' title="bbox 232 2389 1317 2492; baseline 0.005 -31"><span class='ocrx_word' id='word_1_108' title='bbox 232 2391 466 2463; x_wconf 90' lang='lat' dir='ltr'><strong>continentur</strong></span> <span class='ocrx_word' id='word_1_109' title='bbox 498 2418 539 2464; x_wconf 87' lang='lat' dir='ltr'><strong>ea</strong></span> <span class='ocrx_word' id='word_1_110' title='bbox 571 2419 653 2490; x_wconf 85' lang='lat' dir='ltr'><strong>quae</strong></span> <span class='ocrx_word' id='word_1_111' title='bbox 682 2392 790 2464; x_wconf 89' lang='lat' dir='ltr'><strong>simul</strong></span> <span class='ocrx_word' id='word_1_112' title='bbox 819 2391 862 2463; x_wconf 90' lang='lat' dir='ltr'><strong>ad</strong></span> <span class='ocrx_word' id='word_1_113' title='bbox 893 2391 967 2463; x_wconf 93' lang='lat' dir='ltr'><strong>duo</strong></span> <span class='ocrx_word' id='word_1_114' title='bbox 996 2389 1055 2461; x_wconf 86' lang='lat' dir='ltr'><strong>illa</strong></span> <span class='ocrx_word' id='word_1_115' title='bbox 1083 2417 1194 2489; x_wconf 89' lang='lat' dir='ltr'><strong>opera</strong></span> <span class='ocrx_word' id='word_1_116' title='bbox 1228 2419 1317 2492; x_wconf 90' lang='lat' dir='ltr'><strong>spe-</strong></span> 
     </span>
    </p>
   </div>
   <div class='ocr_carea' id='block_1_5' title="bbox 230 2513 1315 3229">
    <p class='ocr_par' dir='ltr' id='par_1_5' title="bbox 231 2513 1315 2864">
     <span class='ocr_line' id='line_1_17' title="bbox 232 2513 1314 2614; baseline 0.003 -30"><span class='ocrx_word' id='word_1_117' title='bbox 232 2528 346 2605; x_wconf 85' lang='lat' dir='ltr'><strong>ctant,</strong></span> <span class='ocrx_word' id='word_1_118' title='bbox 366 2532 428 2586; x_wconf 88' lang='lat' dir='ltr'><strong>aut</strong></span> <span class='ocrx_word' id='word_1_119' title='bbox 450 2541 530 2614; x_wconf 79' lang='lat' dir='ltr'><strong>quae</strong></span> <span class='ocrx_word' id='word_1_120' title='bbox 558 2514 601 2587; x_wconf 84' lang='lat' dir='ltr'><strong>ad</strong></span> <span class='ocrx_word' id='word_1_121' title='bbox 628 2516 704 2587; x_wconf 92' lang='lat' dir='ltr'><strong>sola</strong></span> <span class='ocrx_word' id='word_1_122' title='bbox 732 2513 913 2585; x_wconf 85' lang='lat' dir='ltr'><strong>Paradoxa</strong></span> <span class='ocrx_word' id='word_1_123' title='bbox 936 2516 1058 2612; x_wconf 89' lang='lat' dir='ltr'><strong>potius</strong></span> <span class='ocrx_word' id='word_1_124' title='bbox 1083 2513 1222 2586; x_wconf 81' lang='lat' dir='ltr'><strong>faciunt</strong></span> <span class='ocrx_word' id='word_1_125' title='bbox 1238 2520 1314 2614; x_wconf 84' lang='lat' dir='ltr'><strong>(r),</strong></span> 
     </span>
     <span class='ocr_line' id='line_1_18' title="bbox 231 2637 1315 2735; baseline 0.005 -27"><span class='ocrx_word' id='word_1_126' title='bbox 231 2637 290 2708; x_wconf 93' lang='lat' dir='ltr'><strong>hic</strong></span> <span class='ocrx_word' id='word_1_127' title='bbox 317 2664 357 2708; x_wconf 86' lang='lat' dir='ltr'><strong>ea</strong></span> <span class='ocrx_word' id='word_1_128' title='bbox 383 2640 638 2718; x_wconf 84' lang='lat' dir='ltr'><strong>tantummodo</strong></span> <span class='ocrx_word' id='word_1_129' title='bbox 659 2638 903 2709; x_wconf 86' lang='lat' dir='ltr'><strong>exscribemus</strong></span> <span class='ocrx_word' id='word_1_130' title='bbox 927 2663 1007 2735; x_wconf 81' lang='lat' dir='ltr'><strong>quae</strong></span> <span class='ocrx_word' id='word_1_131' title='bbox 1029 2637 1073 2708; x_wconf 82' lang='lat' dir='ltr'><strong>ad</strong></span> <span class='ocrx_word' id='word_1_132' title='bbox 1101 2637 1238 2710; x_wconf 90' lang='lat' dir='ltr'><strong>llbrum</strong></span> <span class='ocrx_word' id='word_1_133' title='bbox 1264 2643 1315 2713; x_wconf 94' lang='lat' dir='ltr'><strong>de</strong></span> 
     </span>
     <span class='ocr_line' id='line_1_19' title="bbox 232 2765 645 2864; baseline 0.019 -32"><span class='ocrx_word' id='word_1_134' title='bbox 232 2765 424 2835; x_wconf 87' lang='lat' dir='ltr'><strong>Senectute</strong></span> <span class='ocrx_word' id='word_1_135' title='bbox 442 2767 645 2864; x_wconf 84' lang='lat' dir='ltr'><strong>pertinent:</strong></span> 
     </span>
    </p>

    <p class='ocr_par' dir='ltr' id='par_1_6' title="bbox 230 2883 1315 3229">
     <span class='ocr_line' id='line_1_20' title="bbox 280 2883 1315 2982; baseline 0.005 -25"><span class='ocrx_word' id='word_1_136' title='bbox 280 2892 425 2958; x_wconf 86' lang='lat' dir='ltr'><strong>«...Per</strong></span> <span class='ocrx_word' id='word_1_137' title='bbox 445 2888 692 2959; x_wconf 83' lang='lat' dir='ltr'><strong>liberalitatem</strong></span> <span class='ocrx_word' id='word_1_138' title='bbox 711 2883 861 2958; x_wconf 91' lang='lat' dir='ltr'><strong>Godofr.</strong></span> <span class='ocrx_word' id='word_1_139' title='bbox 879 2883 1188 2972; x_wconf 78' lang='lat' dir='ltr'><strong>Hennschaeleri,</strong></span> <span class='ocrx_word' id='word_1_140' title='bbox 1200 2889 1315 2982; x_wconf 85' lang='lat' dir='ltr'><strong>cnjus</strong></span> 
     </span>
     <span class='ocr_line' id='line_1_21' title="bbox 231 2997 1313 3107; baseline 0.003 -27"><span class='ocrx_word' id='word_1_141' title='bbox 231 3011 337 3080; x_wconf 84' lang='lat' dir='ltr'><strong>etiarn</strong></span> <span class='ocrx_word' id='word_1_142' title='bbox 361 2997 579 3107; x_wconf 76' lang='lat' dir='ltr'><strong>singularem</strong></span> <span class='ocrx_word' id='word_1_143' title='bbox 602 3035 725 3090; x_wconf 88' lang='lat' dir='ltr'><strong>curam</strong></span> <span class='ocrx_word' id='word_1_144' title='bbox 750 3011 786 3078; x_wconf 94' lang='lat' dir='ltr'><strong>in</strong></span> <span class='ocrx_word' id='word_1_145' title='bbox 809 3011 903 3106; x_wconf 90' lang='lat' dir='ltr'><strong>typis</strong></span> <span class='ocrx_word' id='word_1_146' title='bbox 925 3007 1052 3077; x_wconf 78' lang='lat' dir='ltr'><strong>haruin</strong></span> <span class='ocrx_word' id='word_1_147' title='bbox 1076 3008 1313 3104; x_wconf 85' lang='lat' dir='ltr'><strong>plagularnm</strong></span> 
     </span>
     <span class='ocr_line' id='line_1_22' title="bbox 230 3131 1314 3229; baseline 0.005 -27"><span class='ocrx_word' id='word_1_148' title='bbox 230 3132 451 3229; x_wconf 84' lang='lat' dir='ltr'><strong>corrigendis</strong></span> <span class='ocrx_word' id='word_1_149' title='bbox 467 3133 671 3229; x_wconf 87' lang='lat' dir='ltr'><strong>gratissimo</strong></span> <span class='ocrx_word' id='word_1_150' title='bbox 690 3134 811 3202; x_wconf 90' lang='lat' dir='ltr'><strong>animo</strong></span> <span class='ocrx_word' id='word_1_151' title='bbox 831 3155 1005 3226; x_wconf 84' lang='lat' dir='ltr'><strong>agnosce,</strong></span> <span class='ocrx_word' id='word_1_152' title='bbox 1029 3133 1081 3200; x_wconf 91' lang='lat' dir='ltr'><strong>uti</strong></span> <span class='ocrx_word' id='word_1_153' title='bbox 1097 3131 1185 3200; x_wconf 89' lang='lat' dir='ltr'><strong>mihi</strong></span> <span class='ocrx_word' id='word_1_154' title='bbox 1201 3132 1314 3207; x_wconf 88' lang='lat' dir='ltr'><strong>licuit</strong></span> 
     </span>
    </p>
   </div>
   <div class='ocr_carea' id='block_1_6' title="bbox 164 3251 1313 4093">
    <p class='ocr_par' dir='ltr' id='par_1_7' title="bbox 164 3251 1313 4093">
     <span class='ocr_line' id='line_1_23' title="bbox 231 3251 1310 3332; baseline 0.008 -9"><span class='ocrx_word' id='word_1_155' title='bbox 231 3279 361 3326; x_wconf 87' lang='lat' dir='ltr'><strong>noveru</strong></span> <span class='ocrx_word' id='word_1_156' title='bbox 380 3251 545 3325; x_wconf 90' lang='lat' dir='ltr'><strong>codicum</strong></span> <span class='ocrx_word' id='word_1_157' title='bbox 564 3255 782 3326; x_wconf 90' lang='lat' dir='ltr'><strong>lectionibus</strong></span> <span class='ocrx_word' id='word_1_158' title='bbox 806 3281 849 3324; x_wconf 83' lang='lat' dir='ltr'><strong>ex</strong></span> <span class='ocrx_word' id='word_1_159' title='bbox 874 3255 1072 3324; x_wconf 83' lang='lat' dir='ltr'><strong>Oxoniensi</strong></span> <span class='ocrx_word' id='word_1_160' title='bbox 1097 3255 1262 3329; x_wconf 90' lang='lat' dir='ltr'><strong>editione</strong></span> <span class='ocrx_word' id='word_1_161' title='bbox 1287 3288 1310 3332; x_wconf 92' lang='lat' dir='ltr'><strong>e</strong></span> 
     </span>
     <span class='ocr_line' id='line_1_24' title="bbox 229 3377 1313 3478; baseline 0.007 -30"><span class='ocrx_word' id='word_1_162' title='bbox 229 3393 368 3478; x_wconf 87' lang='lat' dir='ltr'><strong>typogr.</strong></span> <span class='ocrx_word' id='word_1_163' title='bbox 389 3377 603 3449; x_wconf 86' lang='lat' dir='ltr'><strong>Clarendon.</strong></span> <span class='ocrx_word' id='word_1_164' title='bbox 624 3379 669 3458; x_wconf 88' lang='lat' dir='ltr'><strong>‹le</strong></span> <span class='ocrx_word' id='word_1_165' title='bbox 694 3403 724 3449; x_wconf 86' lang='lat' dir='ltr'><strong>a.</strong></span> <span class='ocrx_word' id='word_1_166' title='bbox 747 3377 837 3476; x_wconf 80' lang='lat'><strong>1783</strong></span> <span class='ocrx_word' id='word_1_167' title='bbox 857 3377 992 3464; x_wconf 76' lang='lat' dir='ltr'><strong>ductiS,</strong></span> <span class='ocrx_word' id='word_1_168' title='bbox 1015 3403 1173 3475; x_wconf 87' lang='lat' dir='ltr'><strong>quorum</strong></span> <span class='ocrx_word' id='word_1_169' title='bbox 1198 3398 1313 3456; x_wconf 82' lang='lat' dir='ltr'><strong>notas</strong></span> 
     </span>
     <span class='ocr_line' id='line_1_25' title="bbox 164 3501 1313 3602; baseline 0.002 -28"><span class='ocrx_word' id='word_1_170' title='bbox 164 3537 170 3547; x_wconf 88' lang='lat'><strong>·</strong></span> <span class='ocrx_word' id='word_1_171' title='bbox 229 3505 391 3601; x_wconf 90' lang='lat' dir='ltr'><strong>ipsorum</strong></span> <span class='ocrx_word' id='word_1_172' title='bbox 411 3503 591 3574; x_wconf 86' lang='lat' dir='ltr'><strong>editorum</strong></span> <span class='ocrx_word' id='word_1_173' title='bbox 611 3501 730 3581; x_wconf 87' lang='lat' dir='ltr'><strong>verbis</strong></span> <span class='ocrx_word' id='word_1_174' title='bbox 750 3501 923 3602; x_wconf 87' lang='lat' dir='ltr'><strong>explicuit</strong></span> <span class='ocrx_word' id='word_1_175' title='bbox 940 3501 1022 3575; x_wconf 88' lang='lat' dir='ltr'><strong>Chr.</strong></span> <span class='ocrx_word' id='word_1_176' title='bbox 1037 3505 1130 3573; x_wconf 86' lang='lat' dir='ltr'><strong>Dan.</strong></span> <span class='ocrx_word' id='word_1_177' title='bbox 1149 3503 1313 3580; x_wconf 87' lang='lat' dir='ltr'><strong>Beckius</strong></span> 
     </span>
     <span class='ocr_line' id='line_1_26' title="bbox 228 3625 1310 3731; baseline 0.007 -35"><span class='ocrx_word' id='word_1_178' title='bbox 228 3625 422 3725; x_wconf 78' lang='lat' dir='ltr'><strong>in‘praefat.</strong></span> <span class='ocrx_word' id='word_1_179' title='bbox 442 3627 486 3698; x_wconf 87' lang='lat' dir='ltr'><strong>ad</strong></span> <span class='ocrx_word' id='word_1_180' title='bbox 510 3627 694 3698; x_wconf 90' lang='lat' dir='ltr'><strong>Ciceronis</strong></span> <span class='ocrx_word' id='word_1_181' title='bbox 715 3651 843 3723; x_wconf 86' lang='lat' dir='ltr'><strong>opera,</strong></span> <span class='ocrx_word' id='word_1_182' title='bbox 860 3627 929 3696; x_wconf 89' lang='lat' dir='ltr'><strong>vol.</strong></span> <span class='ocrx_word' id='word_1_183' title='bbox 950 3627 1000 3711; x_wconf 90' lang='lat' dir='ltr'><strong>ll,</strong></span> <span class='ocrx_word' id='word_1_184' title='bbox 1024 3651 1103 3724; x_wconf 89' lang='lat' dir='ltr'><strong>pag.</strong></span> <span class='ocrx_word' id='word_1_185' title='bbox 1128 3626 1173 3698; x_wconf 85' lang='lat'><strong>53</strong></span> <span class='ocrx_word' id='word_1_186' title='bbox 1198 3654 1310 3731; x_wconf 91' lang='lat' dir='ltr'><strong>seqq.</strong></span> 
     </span>
     <span class='ocr_line' id='line_1_27' title="bbox 229 3748 1311 3848; baseline 0.009 -30"><span class='ocrx_word' id='word_1_187' title='bbox 229 3753 395 3838; x_wconf 90' lang='lat' dir='ltr'><strong>Quorum</strong></span> <span class='ocrx_word' id='word_1_188' title='bbox 415 3750 581 3822; x_wconf 90' lang='lat' dir='ltr'><strong>codicum</strong></span> <span class='ocrx_word' id='word_1_189' title='bbox 595 3749 634 3819; x_wconf 94' lang='lat' dir='ltr'><strong>hi</strong></span> <span class='ocrx_word' id='word_1_190' title='bbox 647 3764 730 3820; x_wconf 90' lang='lat' dir='ltr'><strong>octo</strong></span> <span class='ocrx_word' id='word_1_191' title='bbox 743 3764 873 3848; x_wconf 86' lang='lat' dir='ltr'><strong>proeter</strong></span> <span class='ocrx_word' id='word_1_192' title='bbox 892 3749 979 3820; x_wconf 88' lang='lat' dir='ltr'><strong>alios</strong></span> <span class='ocrx_word' id='word_1_193' title='bbox 998 3752 1070 3820; x_wconf 88' lang='lat' dir='ltr'><strong>Cic.</strong></span> <span class='ocrx_word' id='word_1_194' title='bbox 1086 3748 1198 3822; x_wconf 92' lang='lat' dir='ltr'><strong>libros</strong></span> <span class='ocrx_word' id='word_1_195' title='bbox 1213 3779 1311 3828; x_wconf 91' lang='lat' dir='ltr'><strong>con·</strong></span> 
     </span>
     <span class='ocr_line' id='line_1_28' title="bbox 227 3871 1309 3972; baseline 0.005 -32"><span class='ocrx_word' id='word_1_196' title='bbox 227 3875 345 3942; x_wconf 83' lang='lat' dir='ltr'><strong>tinent</strong></span> <span class='ocrx_word' id='word_1_197' title='bbox 365 3871 498 3942; x_wconf 87' lang='lat' dir='ltr'><strong>librum</strong></span> <span class='ocrx_word' id='word_1_198' title='bbox 521 3873 565 3943; x_wconf 81' lang='lat' dir='ltr'><strong>(le</strong></span> <span class='ocrx_word' id='word_1_199' title='bbox 591 3877 801 3962; x_wconf 88' lang='lat' dir='ltr'><strong>Senectute,</strong></span> <span class='ocrx_word' id='word_1_200' title='bbox 820 3879 862 3959; x_wconf 89' lang='lat' dir='ltr'><strong>E,</strong></span> <span class='ocrx_word' id='word_1_201' title='bbox 880 3877 915 3954; x_wconf 92' lang='lat' dir='ltr'><strong>l,</strong></span> <span class='ocrx_word' id='word_1_202' title='bbox 934 3877 983 3960; x_wconf 89' lang='lat' dir='ltr'><strong>N,</strong></span> <span class='ocrx_word' id='word_1_203' title='bbox 999 3877 1049 3957; x_wconf 91' lang='lat' dir='ltr'><strong>U,</strong></span> <span class='ocrx_word' id='word_1_204' title='bbox 1067 3903 1105 3962; x_wconf 86' lang='grc' dir='ltr'><strong>η,</strong></span> <span class='ocrx_word' id='word_1_205' title='bbox 1137 3899 1180 3960; x_wconf 89' lang='lat'><strong>0,</strong></span> <span class='ocrx_word' id='word_1_206' title='bbox 1199 3901 1244 3960; x_wconf 84' lang='lat' dir='ltr'><strong>v,</strong></span> <span class='ocrx_word' id='word_1_207' title='bbox 1270 3881 1309 3972; x_wconf 80' lang='grc' dir='ltr'>ψ</span> 
     </span>
     <span class='ocr_line' id='line_1_29' title="bbox 227 3994 1310 4093; baseline 0.01 -30"><span class='ocrx_word' id='word_1_208' title='bbox 227 3995 340 4064; x_wconf 87' lang='lat' dir='ltr'><strong>Iidem</strong></span> <span class='ocrx_word' id='word_1_209' title='bbox 361 4019 444 4064; x_wconf 90' lang='lat' dir='ltr'><strong>curn</strong></span> <span class='ocrx_word' id='word_1_210' title='bbox 461 3994 541 4066; x_wconf 93' lang='lat' dir='ltr'><strong>cod.</strong></span> <span class='ocrx_word' id='word_1_211' title='bbox 563 4027 601 4085; x_wconf 80' lang='lat' dir='ltr'><strong>c,</strong></span> <span class='ocrx_word' id='word_1_212' title='bbox 619 3998 777 4093; x_wconf 87' lang='lat' dir='ltr'><strong>exceptis</strong></span> <span class='ocrx_word' id='word_1_213' title='bbox 797 4021 819 4065; x_wconf 94' lang='lat' dir='ltr'><strong>o</strong></span> <span class='ocrx_word' id='word_1_214' title='bbox 837 4011 872 4067; x_wconf 89' lang='lat' dir='ltr'><strong>et</strong></span> <span class='ocrx_word' id='word_1_215' title='bbox 889 4024 932 4084; x_wconf 83' lang='lat' dir='ltr'><strong>v,</strong></span> <span class='ocrx_word' id='word_1_216' title='bbox 949 3995 1131 4066; x_wconf 82' lang='lat' dir='ltr'><strong>Paradoxa</strong></span> <span class='ocrx_word' id='word_1_217' title='bbox 1152 3996 1310 4074; x_wconf 80' lang='lat' dir='ltr'><strong>habeut.</strong></span> 
     </span>
    </p>
   </div>
   <div class='ocr_carea' id='block_1_7' title="bbox 262 4214 1101 4284">
    <p class='ocr_par' dir='ltr' id='par_1_8' title="bbox 262 4214 1101 4284">
     <span class='ocr_line' id='line_1_30' title="bbox 262 4214 1101 4284; baseline 0.004 -22"><span class='ocrx_word' id='word_1_218' title='bbox 262 4214 300 4280; x_wconf 89' lang='lat' dir='ltr'><strong>(r)</strong></span> <span class='ocrx_word' id='word_1_219' title='bbox 313 4215 377 4264; x_wconf 83' lang='lat' dir='ltr'><strong>Vide</strong></span> <span class='ocrx_word' id='word_1_220' title='bbox 388 4215 462 4276; x_wconf 78' lang='lat' dir='ltr'><strong>hujus</strong></span> <span class='ocrx_word' id='word_1_221' title='bbox 473 4215 642 4266; x_wconf 75' lang='lat' dir='ltr'><strong>Tulliauorum</strong></span> <span class='ocrx_word' id='word_1_222' title='bbox 652 4221 721 4284; x_wconf 86' lang='lat' dir='ltr'><strong>Opp.</strong></span> <span class='ocrx_word' id='word_1_223' title='bbox 732 4218 807 4281; x_wconf 73' lang='lat' dir='ltr'><strong>pertin</strong></span> <span class='ocrx_word' id='word_1_224' title='bbox 819 4219 872 4266; x_wconf 87' lang='lat' dir='ltr'><strong>rol.</strong></span> <span class='ocrx_word' id='word_1_225' title='bbox 886 4220 917 4277; x_wconf 92' lang='lat'><strong>1,</strong></span> <span class='ocrx_word' id='word_1_226' title='bbox 931 4233 957 4281; x_wconf 87' lang='lat' dir='ltr'><strong>p.</strong></span> <span class='ocrx_word' id='word_1_227' title='bbox 971 4219 1022 4280; x_wconf 77' lang='grc'><strong>459</strong></span> <span class='ocrx_word' id='word_1_228' title='bbox 1033 4233 1101 4280; x_wconf 78' lang='lat' dir='ltr'><strong>seqq.</strong></span> 
     </span>
    </p>
   </div>
   <div class='ocr_carea' id='block_1_8' title="bbox 0 0 1390 4888">
    <p class='ocr_par' dir='ltr' id='par_1_9' title="bbox 0 0 1390 4888">
     <span class='ocr_line' id='line_1_31' title="bbox 0 0 1390 4888; baseline 0 2"><span class='ocrx_word' id='word_1_229' title='bbox 0 0 1390 4888; x_wconf 95' lang='lat' dir='ltr'><strong> </strong></span> 
     </span>
    </p>
   </div>
  </div>
 </body>
</html>
