2770 4888
437 403 748 472 PRAEMONITIO.
1086 427 1132 472 xv

59 538 108 608 tia,
120 538 159 596 de
170 537 292 596 Somnio
304 537 450 616 Scipionis
463 551 493 596 ct
507 537 666 596 Paradoxa.
681 535 801 595 Accedit
812 542 848 610 Q.
860 537 970 595 Fratris
984 555 1129 596 commen·

59 645 193 702 tariolum
222 643 382 722 petitionis.
410 648 453 704 Ex
480 645 651 703 recensione
674 641 778 702 Jacobi
806 643 973 702 Facciolati.
1001 643 1129 703 Venetiis

63 758 147 824 1747,
164 771 201 807 cx
217 749 392 828 typograph.
402 754 448 808 Jo.
462 756 544 828 Bapt.
559 748 681 810 Albritii
694 749 899 827 Hieronymi.»

94 857 239 916 nNotulae
252 856 315 915 sere
328 856 485 916 sententias
494 855 614 916 sanatis
624 854 720 916 verbis
731 854 863 914 breviter
875 868 964 934 atque
976 856 1130 936 perspicue

59 963 238 1039 exprimunt,
254 975 320 1036 aut,
334 983 437 1022 earum
453 963 585 1023 ordinem
601 963 788 1042 explorantes
807 976 837 1021 ct
853 964 1039 1042 castigantes,
1051 965 1131 1022 iute-

59 1069 180 1146 gerrima
196 1089 321 1149 quasque
335 1069 508 1143 sollicitant,
525 1089 614 1149 quum
626 1070 690 1148 ipse
702 1069 884 1129 Facciolatus
899 1089 1005 1147 parum
1019 1081 1132 1128 teneret

60 1175 204 1234 Ciceronis
217 1175 459 1234 consuetudinem
477 1175 571 1235 lexim
587 1173 767 1255 disputandi.
783 1179 874 1245 Nam,
891 1187 924 1234 ut
937 1177 1001 1255 ipse
1015 1175 1132 1248 latetur,

60 1281 226 1340 Ciceronem
237 1282 268 1339 in
281 1282 422 1340 Cicerone
433 1282 575 1362 quaesivit.
593 1286 661 1342 Nou
676 1301 834 1360 numquam
849 1294 944 1342 tamen
956 1283 987 1340 iu
998 1281 1131 1359 interpo-

60 1386 184 1446 latorum
196 1388 349 1446 malitiosis
362 1387 475 1447 astutiis
488 1387 685 1468 percipiendis
700 1387 822 1466 reliquis
837 1387 904 1446 edd.
922 1388 977 1446 fuit
989 1386 1130 1466 sagacior.

61 1491 207 1550 interdum
224 1491 264 1550 ad
281 1492 413 1550 codicem
431 1497 498 1566 MS,
514 1512 574 1573 quo
593 1513 661 1552 usus
675 1493 724 1566 sit,
740 1505 842 1552 testem
855 1505 1007 1573 provocat
1020 1493 1131 1572 Saepius

60 1610 187 1656 veterum
215 1596 410 1676 quarumdam
438 1596 600 1657 editionum
633 1597 788 1656 lectionem
820 1598 908 1657 tacito
937 1598 1131 1677 amplectitur.

6 1711 11 1722 '
61 1704 197 1776 Quaedam
221 1704 309 1762 etiam
338 1725 354 1762 e
375 1703 544 1781 conjectura
568 1705 694 1768 refinxit.
722 1709 867 1763 Praeterea
896 1704 981 1763 sliam
1007 1705 1133 1764 instituit

60 1810 184 1888 cupitum
206 1809 397 1882 divisionem,
417 1809 571 1888 descriptis
587 1829 644 1887 pro
661 1828 760 1868 rerum
774 1808 961 1868 distinctione
982 1809 1129 1890 periochis

60 1913 241 1991 quibusdam.

97 2088 205 2149 3⁰·M.
217 2095 252 2149 T.
271 2090 422 2149 Ciceronis
442 2089 478 2149 de
495 2091 607 2149 Officiis
630 2089 698 2149 libri
720 2103 778 2150 tres
800 2089 837 2148 ad
858 2090 949 2148 solam
968 2089 1133 2169 priscorum

60 2219 122 2256 cxx.
136 2197 221 2256 iidem
238 2217 297 2256 rec.
310 2197 491 2275 adjectisque
506 2203 522 2256 J
525 2218 551 2258 o.
562 2197 652 2260 Mich.
665 2197 838 2276 Heusingeri
853 2210 883 2256 et
897 2197 957 2256 suis
973 2197 1061 2255 adun.
1076 2217 1130 2256 er-

60 2303 222 2380 plicatiores
235 2301 368 2360 editurus
380 2293 443 2374 efit
453 2301 532 2362 Frid.
544 2303 716 2382 Heusinger.
728 2303 897 2381 Brunsvigae
911 2303 940 2360 iu
956 2304 1129 2382 orphanotr.

61 2406 125 2464 duc.
139 2405 264 2486 bibliop.
282 2427 329 2466 an.
345 2408 438 2480 1783,
453 2407 531 2476 in-B,
546 2427 576 2486 p.
591 2429 665 2478 cxx,
682 2410 762 2466 812»
779 2413 898 2487 (preter
909 2406 1039 2477 Indices,
1060 2427 1133 2486 quos

61 2513 183 2571 confecit
195 2512 351 2572 conradus
368 2513 533 2591 Heusinger
547 2513 639 2588 lilius,
662 2513 801 2593 prelatus
819 2512 942 2572 editioni
955 2513 1134 2592 posthumae,

61 2639 123 2697 quae
136 2631 243 2678 nostrae
260 2619 408 2678 memoriae
424 2619 555 2678 omnium
566 2619 652 2695 longe
666 2617 899 2698 praestantissima
911 2631 971 2691 est,
985 2619 1133 2698 dignaque

61 2745 124 2802 quae
136 2744 207 2782 mort
220 2723 399 2804 recudatur.)

99 2858 111 2882 ι
125 2837 150 2891 J.
166 2836 208 2891 Μ.
220 2837 309 2892 Heus.
319 2843 442 2910 patruus
458 2830 638 2910 diligentius,
655 2851 744 2908 quam
763 2835 918 2904 Emestus,
932 2833 1057 2890 contulit
1068 2833 1133 2893 cod.

63 2937 227 2996 Gothanum
241 2949 271 2996 et
282 2917 497 3009 Viennensem,
515 2948 659 3015 praeterea
677 2935 824 3008 Servium,
845 2937 1044 3009 Lactamium,
1060 2944 1134 2996 Am·

62 3041 187 3102 bruslum
194 3043 291 3122 (cujus
304 3055 334 3101 et
350 3063 420 3123 opp.
434 3063 512 3101 omn.
525 3055 555 3100 et
571 3041 608 3100 de
619 3041 679 3100 oft.
692 3041 721 3099 ll.
732 3041 875 3101 editiones
883 3056 1016 3102 recenset
1027 3041 1134 3120 Ebert,

65 3164 89 3202 n.
107 3143 245 3224 495501)
260 3159 289 3204 et
299 3145 486 3205 vincentium
500 3145 749 3217 Bellovaceusem;
764 3145 804 3203 fil.
821 3159 917 3206 autern
931 3151 1020 3208 Heus.
1034 3169 1132 3208 exem-

64 3251 134 3328 plari
152 3251 307 3330 diligentia
321 3253 452 3330 quinque
472 3250 560 3310 codd.
582 3251 874 3330 GuelpherbytancS,
896 3273 1021 3333 quorum
1039 3275 1070 3328 a,
1089 3258 1135 3315 vel

64 3357 213 3416 Gudianus
228 3379 253 3428 r,
275 3357 377 3416 ceteris
391 3357 523 3436 praestat',
540 3371 569 3414 et
588 3357 774 3416 scholiastam
796 3358 922 3436 Guclplr.
941 3359 972 3416 in
989 3358 1135 3418 membra-

66 3464 122 3536 uis,
141 3464 220 3522 inter
237 3467 312 3524 MSS
331 3475 569 3542 extravagantes,
589 3483 617 3520 u.
641 3462 716 3535 225,
738 3475 904 3543 praeterque
922 3463 990 3522 edd.
1013 3476 1083 3522 vett.
1104 3466 1135 3522 in

68 3583 161 3647 partes
178 3569 296 3630 vocavit
314 3572 401 3630 etiam
420 3571 511 3630 Nouii
529 3569 678 3640 Marcelli,
695 3570 785 3628 multa
804 3571 937 3648 exempla
958 3590 975 3628 a
995 3569 1136 3630 Cicerone

64 3676 231 3755 repetentis,
247 3688 276 3734 et
291 3676 339 3736 ed.
354 3677 480 3736 Mercuri
492 3689 520 3734 et
536 3675 600 3735 cod.
621 3673 804 3746 Gudianum‚
817 3695 846 3732 u.
865 3693 947 3745 xcvr,
966 3673 1136 3752 septingen-

65 3793 156 3839 torum
189 3781 308 3840 circiter
337 3801 481 3840 annorum
515 3794 603 3859 atque
632 3780 720 3838 alium
748 3778 896 3860 juniorem
923 3786 1136 3857 augustanum,

64 3907 88 3942 n.
102 3907 209 3961 cmv,
224 3899 257 3960 4,
273 3890 307 3960 3,
325 3886 465 3946 adhibitis
477 3887 565 3946 etiarn
580 3884 822 3965 compilatoribus
834 3885 907 3959 illis,
923 3904 998 3964 quos
1013 3886 1043 3944 in
1055 3885 1138 3944 Praei.

67 4008 85 4052 t.
99 3999 127 4066 1,
145 4017 174 4076 p.
188 4017 209 4055 x
224 3995 343 4076 (nostrae
357 3993 403 4054 ed.
417 4015 448 4073 p.
461 3995 555 4069 xxrv),
571 3993 815 4065 memoravimus,
833 3993 921 4064 Beda,
935 3993 1031 4072 cujus,
1045 3993 1140 4052 Nonio

66 4101 120 4160 lore
132 4101 357 4180 quadringentis
374 4100 458 4160 annis
474 4099 609 4173 minoris,
631 4119 702 4178 opp.
717 4096 895 4176 prodierunt
911 4098 1039 4177 primum
1050 4098 1140 4158 Paris.
