2770 4888
239 498 299 550 rm
491 475 596 544 AUG.
617 475 782 545 GO'ITH.
805 477 1079 548 GERNHARDI

251 596 421 661 Faceiolati
438 594 681 662 adnotationem
699 597 899 682 adjunxisse,
929 623 990 664 nec
1004 599 1206 688 probabilem
1228 621 1318 669 nuta·

249 725 322 766 rum
346 702 508 768 delectum
533 703 659 786 secisse,
681 706 866 793 alienasque
890 723 982 770 notas
1009 730 1123 795 pamm
1150 707 1316 775 distinctas

247 809 479 898 interposuisse
496 808 666 891 vidissem,
681 812 731 875 lo.
746 811 846 876 Mich.
864 813 1101 902 Heusingerum
1114 830 1226 878 autem
1237 816 1317 882 Fac·

246 913 353 980 ciolati
365 914 508 980 editione
524 938 591 979 non
609 915 671 979 nis'i
682 917 728 980 sic
741 940 839 982 usum
852 939 941 1001 esse,
959 935 996 984 ut
1007 920 1127 984 variam
1141 921 1315 986 lectionem

244 1035 277 1084 et
292 1021 510 1085 correctiones
524 1043 545 1084 a
564 1021 744 1086 Facciolato
761 1021 917 1087 indicatas
931 1025 998 1088 lere
1013 1047 1127 1090 omnes
1143 1025 1317 1092 adnotaret

244 1126 478 1215 (praetermissa
496 1126 583 1190 enim
600 1126 748 1213 quaedam
778 1145 871 1209 sunt,
901 1144 939 1193 ut
960 1129 1015 1196 lib.
1038 1131 1071 1210 1,
1089 1153 1160 1219 cap.
1184 1134 1205 1198 8
1232 1150 1315 1199 extr.

242 1257 270 1298 c.
298 1256 359 1316 ro,
386 1239 516 1314 5430.
541 1254 602 1313 no,
627 1235 1315 1324 S113c.27,Sn,etal.),reliquarero

242 1338 414 1404 omitteret.
439 1335 509 1401 Nec
524 1336 687 1425 ingratum
705 1359 757 1402 me
773 1338 830 1420 iis,
858 1340 916 1426 qui
938 1339 1003 1404 boc
1025 1341 1190 1406 literarum
1205 1364 1315 1431 genus

240 1445 415 1525 colerent,
429 1443 591 1507 facturum
608 1445 738 1530 putavi,
762 1445 789 1508 si
813 1468 885 1533 quse
906 1446 1106 1512 Facciolatus
1128 1471 1213 1537 saepe
1236 1449 1315 1514 bre-

240 1551 328 1632 vius,
341 1548 498 1637 nulloque
513 1565 685 1614 auctorum
698 1572 909 1615 causarumve
927 1551 1048 1618 indicio
1061 1553 1310 1621 animadvertis-

240 1674 306 1739 set,
330 1673 488 1745 quantum
514 1655 637 1743 ubique
663 1655 850 1740 interesset,
880 1658 1061 1748 explerem,
1090 1643 1212 1749 eaque,
1238 1685 1315 1750 quae

240 1762 398 1849 cujusque
413 1759 476 1826 loci
492 1777 607 1825 natura
623 1783 661 1825 ac
678 1763 781 1824 nostri
797 1762 938 1826 institisti
948 1765 1030 1828 ratio
1044 1762 1216 1854 flagitaret,
1229 1768 1313 1831 sub-

234 1871 377 1950 jicerem.
387 1867 519 1934 Accedit
535 1866 642 1956 quod,
653 1891 756 1956 quum
767 1869 966 1934 Facciolatus
983 1891 1055 1959 quoe
1069 1872 1204 1936 sentiret
1222 1894 1313 1936 non·

163 2057 170 2074 .
240 1976 328 2039 nulla
343 1973 471 2063 parcius
484 1972 707 2061 explicuisset,
721 1973 763 2036 ab
778 1973 987 2064 Heusingeris
999 1977 1161 2065 plerisque
1175 1977 1211 2056 in
1226 1975 1313 2044 locis

240 2080 395 2146 audacior
410 2079 540 2143 babitus
556 2093 623 2160 est,
640 2078 775 2167 ejusque
788 2081 946 2146 correctio
964 2081 1222 2170 repudiata.Viri
1239 2085 1314 2150 Itali

241 2190 328 2252 enim
351 2207 447 2273 opera
465 2183 500 2247 iu
512 2181 625 2273 primis
636 2183 671 2246 in
687 2184 920 2250 sententiarum
930 2186 1045 2252 ordine
1061 2188 1264 2276 explorando
1279 2209 1314 2256 et

238 2290 425 2381 castigando
450 2303 573 2354 versata
596 2305 654 2353 est.
678 2291 716 2354 ln
736 2312 803 2377 quo
821 2313 923 2380 quum
943 2293 1107 2358 Ciceronis
1124 2317 1313 2362 sermonem

240 2397 455 2464 remissiorem
475 2392 514 2458 ad
539 2394 732 2459 severiorem
755 2394 941 2484 disputandi
959 2401 1115 2464 rationem
1131 2397 1312 2486 judicarem

135 2571 141 2579 ,
240 2503 370 2582 accidit,
387 2518 425 2565 ut
440 2501 565 2588 aliquot
581 2500 669 2564 locos
686 2522 746 2587 pro
772 2503 890 2590 spuriis
917 2504 1070 2587 baberet,
1095 2507 1153 2593 qui
1176 2523 1233 2570 aut
1254 2531 1312 2572 ex·

241 2611 360 2692 cusari,
384 2624 441 2673 aut
458 2605 591 2670 defendi
613 2605 785 2672 debebunt.
808 2609 913 2688 Hujus
930 2610 1056 2699 generis
1074 2628 1152 2677 suut
1169 2614 1314 2680 maxime

239 2720 272 2783 in
293 2718 399 2807 primo
417 2716 501 2780 libro
518 2713 648 2803 quidam
670 2715 808 2805 epilogi,
834 2718 891 2804 qui
906 2735 1141 2806 preceptorum
1161 2723 1311 2808 superio.

239 2849 312 2890 rum
326 2823 445 2888 seriem
462 2820 495 2885 in
513 2821 734 2911 angustiorem
758 2821 897 2886 formam
919 2825 1135 2907 contrahunt,
1156 2843 1212 2890 aut
1224 2844 1313 2894 tam-

240 2956 337 3022 quam
355 2929 582 3019 praetemrissa,
612 2927 829 2991 clausularum
846 2928 958 3010 instar,
980 2931 1121 3018 explent.
1137 2933 1181 2994 Ut
1199 2933 1255 2997 lib.
1275 2937 1308 3015 I,

238 3061 306 3126 cap.
327 3039 369 3100 26
383 3053 462 3101 extr.
482 3059 511 3099 c.
529 3034 571 3120 39
589 3051 668 3097 extr.
686 3057 714 3097 c.
726 3034 787 3110 45,
811 3039 828 3114 S
845 3036 904 3098 160
920 3051 952 3098 et
963 3035 1002 3098 al.
1018 3035 1081 3099 Sed
1096 3037 1181 3100 idem
1194 3054 1307 3104 tamen

238 3145 298 3208 alia
317 3144 401 3206 bene
423 3139 503 3206 vidit
521 3161 590 3203 esse
607 3141 734 3226 spuria,
750 3140 783 3200 in
802 3140 921 3226 quibus
938 3157 1015 3204 sunt
1031 3142 1100 3205 diro
1118 3143 1181 3206 loci
1196 3143 1252 3208 lib.
1268 3149 1309 3227 I,

238 3253 366 3338 c.17,§
384 3248 436 3324 54.
454 3247 495 3308 Et
511 3266 552 3307 ne
570 3266 703 3316 eorum,
721 3244 841 3332 quibus
861 3246 911 3308 vir
933 3248 1080 3336 egregius
1097 3248 1162 3313 hoc
1175 3250 1308 3316 Cicero·

239 3357 288 3420 nis
304 3373 388 3441 opus
404 3348 621 3428 instruxisset,
646 3347 812 3436 quidpiam
831 3349 1079 3432 desideraretur,
1095 3368 1129 3416 et
1141 3353 1308 3441 praefatio·

237 3485 312 3527 nem
330 3461 397 3541 ejus
410 3454 679 3543 elegantissimam
697 3456 855 3542 praemisi,
872 3472 904 3520 et
918 3476 1110 3546 argumenta
1124 3460 1306 3548 capitibus,

236 3569 354 3657 quibus
371 3583 481 3627 rerum
498 3558 647 3623 ordinem
665 3559 893 3650 distingueret,
909 3585 1009 3628 suum
1036 3565 1155 3651 cuique
1173 3565 1306 3653 praefixa

236 3673 367 3760 collegi,
384 3685 481 3756 atque
501 3667 534 3730 in
556 3666 715 3754 cujusque
737 3668 810 3732 libri
834 3667 941 3734 fronte
958 3671 1069 3758 posui,
1092 3671 1190 3759 idque
1208 3673 1306 3738 obse-

236 3795 359 3868 quutus
379 3771 558 3838 Godolredi
577 3772 708 3836 Hemici
731 3773 881 3838 Scbaeferi
899 3775 1101 3857 auctoritati,
1119 3777 1211 3857 cujus
1235 3779 1305 3842 sin-

234 3884 335 3978 gulari
348 3882 448 3972 gratia
464 3896 498 3943 et
513 3879 644 3942 Venetae
655 3879 992 3972 Facciolatieditionis
1010 3883 1102 3969 copia
1120 3884 1202 3947 lacta
1220 3885 1303 3950 mibi

232 4013 298 4074 est,
317 4009 349 4057 et
362 3989 600 4080 pretiosissimae
620 3985 770 4051 editionis
790 3990 994 4054 Oxoniensis.
1013 3991 1118 4078 Atque
1135 3992 1203 4056 baec
1225 3996 1303 4081 qui-

231 4103 323 4180 dem,
350 4119 422 4184 quae
456 4093 673 4158 inscribitur:
698 4092 771 4158 «Μ.
790 4090 888 4159 Tullii
911 4097 1076 4161 Ciceronis
1100 4120 1197 4184 opera
1221 4121 1299 4164 cum

226 4205 388 4275 indicibus
407 4217 440 4264 ct
456 4199 550 4263 variis
562 4198 764 4264 lectionibus.
782 4202 901 4264 Oxonii
912 4225 931 4264 e
944 4218 1070 4291 typogr.
1089 4203 1295 4288 Clarendon,
