2770 4888
469 487 780 558 PRAEMONITIO.
1121 491 1162 556 is·

1 651 2 696 3
83 619 262 694 omnibus
279 620 585 709 antecessoribus,
602 623 641 693 in
660 619 786 721 primis
800 619 1000 694 Facciolato
1013 635 1051 694 et
1064 625 1163 694 Heu·

1 723 2 770 ³
84 748 259 844 singeris,
278 745 392 818 multa
410 744 622 834 hauserant,
642 745 776 818 horum
794 745 1049 844 exscripsimus
1068 767 1161 844 prce·

84 869 242 942 sationes
260 871 417 968 integras
434 869 545 967 (quas
562 869 640 969 lege
658 869 723 942 inf.
743 895 776 970 p.
794 863 1031 968 1,sqq.xx11,
1050 869 1164 968 sqq),

83 996 120 1066 in
131 991 362 1092 quibusfuse
373 1009 608 1093 exponuntur
619 993 702 1066 finis
714 1019 825 1092 quem
836 992 1165 1092 unusquisquesibi

83 1119 298 1218 proposuit,
313 1132 349 1190 et
364 1117 494 1189 auxilia
512 1143 593 1216 quae
612 1118 789 1190 adhibuit.
805 1120 897 1190 Satis
916 1122 985 1190 erit
1002 1119 1122 1216 igitur,
1134 1118 1165 1189 si

84 1243 160 1314 huc
179 1242 411 1314 intulerimus
431 1241 569 1339 aliquid
591 1256 793 1314 extractum
814 1265 834 1316 e
859 1241 1050 1334 Facciolati
1074 1267 1164 1340 prae·

86 1361 247 1452 satione,
264 1389 376 1461 quam
392 1379 504 1436 totam
520 1365 755 1438 Gemhardus
769 1368 1024 1466 exscripserat,
1040 1389 1165 1464 quam-

1 1583 2 1590 *
85 1513 160 1585 qne
192 1492 270 1586 ipse
301 1489 423 1560 laudat
453 1491 493 1561 in
531 1489 744 1589 praefatione
779 1515 844 1563 sua
873 1515 962 1562 mox
996 1489 1165 1588 sequenti

87 1613 186 1711 (pag.
201 1637 271 1699 ιιι,
286 1611 347 1682 lin.
362 1611 441 1708 28),
453 1627 490 1684 et
504 1614 670 1685 notitiam
689 1615 1018 1712 manuscriptorum
1032 1612 1163 1684 editio·

86 1759 256 1833 numque
272 1733 408 1833 quibus
429 1758 516 1808 usus
541 1751 596 1809 est
615 1751 771 1834 uterque
798 1734 927 1822 editor,
954 1750 992 1806 et
1016 1757 1097 1833 quae
1125 1735 1164 1806 in

87 1858 250 1932 editione
268 1859 337 1932 hac
357 1858 588 1932 brevioribus
607 1863 705 1932 notis
724 1859 1002 1962 designavimus.

353 2159 397 2206 Ex
423 2157 636 2207 racctotarl
663 2159 906 2207 PRAEFATIONB.

135 2355 321 2452 Expositis
343 2358 460 2428 causis
478 2354 615 2453 quibus
633 2355 814 2455 impulsus
831 2353 1010 2426 librorum
1033 2351 1080 2426 de
1097 2352 1164 2426 Of·

90 2479 180 2552 ficiis
207 2480 407 2553 editionem
435 2503 567 2551 noram
598 2481 781 2580 suscepit,
818 2477 1038 2552 Facciolatus
1067 2477 1166 2550 dolet

90 2603 193 2700 quod
209 2603 261 2674 illi
281 2603 364 2674 libri
383 2627 403 2675 a
419 2603 545 2702 priscis
568 2602 721 2675 librariis
744 2600 1019 2700 editoribusque
1037 2604 1167 2672 misere

91 2727 254 2824 corrupti
276 2741 314 2797 et
334 2728 450 2798 vitiati
474 2725 627 2815 fuerint,
645 2727 869 2825 exponitque
892 2724 990 2823 leges
1013 2747 1104 2822 quas
1129 2724 1169 2796 in
1290 2775 1292 2781 -

92 2845 147 2920 his
173 2848 406 2922 recensendis
428 2850 591 2935 serravit.

139 2999 157 3036 α
169 2971 229 3043 1)ῖί
252 2967 361 3060 boni,
381 2958 522 3068 inquit,
545 2965 635 3070 quid
654 2995 730 3042 non
750 2970 818 3041 sibi
840 2971 948 3042 licere
965 2969 1071 3041 turba
1091 2968 1168 3041 haec

91 3095 237 3191 (nempe
252 3095 568 3192 grammaticorum
584 3107 621 3164 et
635 3089 895 3188 librariorum),
905 3093 933 3162 si
948 3089 1037 3189 quid
1054 3087 1170 3163 offen·

93 3215 195 3288 deret
221 3219 259 3288 in
287 3218 351 3288 itlo
383 3217 524 3315 (opere)
554 3215 774 3305 abstrusius,
801 3216 1025 3288 existimavit.
1054 3215 1170 3287 Multa

92 3352 227 3412 temere
260 3341 424 3430 inversa,
451 3338 617 3437 quaedam
643 3339 783 3427 addita,
813 3339 880 3410 alia
907 3337 1070 3428 detorta,
1099 3339 1167 3410 alia

94 3487 137 3532 ex
157 3461 233 3534 aliis
248 3460 356 3551 facta,
379 3487 460 3560 quae
477 3486 644 3559 magnam
659 3461 772 3533 divini
789 3465 911 3561 operis
930 3476 1071 3560 partem
1088 3483 1166 3532 om·

1 3641 2 3646 1
92 3588 180 3658 nino
206 3585 468 3660 defonnarunt.
498 3590 728 3685 Quamquam
748 3601 922 3657 nontam
946 3587 1168 3681 grammatici

93 3711 404 3810 reprehendendi,
430 3713 478 3798 si,
502 3709 602 3811 quod
624 3713 711 3811 ipsis
733 3711 924 3783 videbatur
945 3709 1046 3781 bono
1070 3733 1168 3797 esse,

94 3835 244 3933 margini
263 3833 549 3934 adscripserunt3
570 3831 679 3934 quain
698 3833 855 3923 librarii,
874 3835 940 3932 qui
960 3833 1173 3906 inconsulto

96 3957 356 4047 describentes,
393 3960 432 4029 in
472 3961 644 4031 orationis
682 3972 893 4034 contextum
933 3957 1169 4030 induxerunt.

98 4083 220 4156 Sedet
244 4084 331 4182 ipsis
354 4083 509 4156 librariis
531 4082 665 4156 alicubi
682 4087 789 4156 venia
810 4083 939 4157 danda.
963 4086 1053 4156 Satis
1070 4084 1167 4155 enim

100 4225 251 4301 constat,
270 4210 379 4286 fuisse
398 4209 596 4284 nonnullos
616 4224 701 4284 ante
717 4211 907 4284 inventam
926 4208 1164 4309 typographi-
