2770 4888
227 499 324 546 xxxrr
547 477 609 544 DE
633 475 963 548 ANACOLUTHIS.

228 615 267 664 ut
289 614 338 664 est
357 596 396 660 ad
417 595 580 686 cogitandi
601 613 634 662 et
654 597 814 662 sentiendi
831 597 1043 662 mobilitatem
1060 597 1203 662 maxime
1221 617 1310 687 pro·

226 727 337 792 pensa.
359 703 428 768 Nec
445 703 583 786 mirum,
605 705 640 768 in
663 705 851 770 Graecorum
870 705 980 793 lingua
996 704 1172 792 permultas
1194 704 1313 769 diver-

227 833 335 880 sarum
352 809 560 894 locutionum,
571 811 779 876 confusiones
796 832 859 874 usu
875 808 1193 898 loquendi'receptas
1212 833 1310 892 esse,

225 916 413 1004 multosque
434 917 485 982 vel
506 915 713 1006 politissimos
738 917 910 1005 scriptores
936 916 1100 1005 prosaicos
1124 933 1157 980 et
1184 932 1311 1004 poetas

226 1022 391 1086 interdum
412 1046 431 1085 a
448 1022 543 1097 solita
567 1023 820 1088 constructionis
846 1023 916 1111 lege
937 1021 1088 1086 recedere
1112 1043 1177 1085 non
1201 1019 1312 1084 dubi-

223 1143 324 1210 tasse,
348 1151 451 1216 quum
470 1128 503 1190 in
527 1126 667 1192 dicendo
689 1145 838 1192 naturam
861 1127 970 1216 potius
994 1141 1026 1190 et
1046 1125 1144 1192 animi
1161 1147 1308 1190 sensum

224 1251 454 1322 sequerentur,
479 1256 576 1322 quam
595 1234 809 1322 grammatice
833 1233 910 1297 artis
935 1232 1062 1322 regulas
1086 1247 1310 1307 vererentur,

223 1341 422 1428 mallemque
437 1355 582 1428 spectare
597 1338 676 1427 quid
692 1337 855 1417 dicerent,
872 1360 971 1426 quam
993 1337 1230 1402 accuratiorem
1247 1359 1311 1401 ne·

223 1445 421 1510 utendorum
437 1444 613 1509 verborum
631 1444 791 1508 rationem
808 1443 932 1531 ubique
949 1465 1075 1507 servare
1090 1459 1123 1506 et
1140 1457 1310 1506 consuan-

222 1552 310 1615 tiam.
334 1549 588 1616 Aliamutandae
606 1549 858 1614 constructionis
874 1571 970 1614 causa
988 1565 1037 1612 est
1060 1548 1092 1610 in
1117 1547 1307 1612 verborum

222 1655 445 1722 collocatione.
463 1657 540 1720 llaec
558 1655 644 1719 enim
658 1677 741 1742 saepe
758 1654 804 1718 sic
823 1651 1025 1718 instituenda
1041 1670 1109 1733 est,
1123 1669 1161 1717 ut
1174 1654 1307 1741 prima-

218 1763 277 1846 riae
287 1762 454 1826 sententia
470 1761 616 1828 membra
628 1777 762 1849 propter
775 1761 1008 1849 cogitationum
1019 1758 1191 1848 quamdam
1206 1761 1308 1824 simi·
1333 1749 1337 1761 ’

218 1843 395 1960 libidinem
408 1883 440 1932 et
455 1867 720 1947 conjunctionem
736 1883 794 1930 aut
812 1864 959 1930 eamdem
978 1866 1118 1929 formam
1136 1867 1308 1946 referant,

222 1958 280 2042 adt
308 1975 369 2040 sibi
403 1974 680 2062 quodammodo„
697 1989 735 2038 ut
757 1995 872 2054 sensu,
897 1974 942 2037 sic
964 1973 1227 2038 conformatione
1246 1997 1307 2037 re-

223 2079 415 2169 spondeant.
432 2081 479 2144 Ea
494 2080 641 2144 membra
669 2079 696 2144 si
720 2075 1001 2142 enuntiationibus
1028 2074 1227 2142 secundariis
1256 2079 1308 2142 ita

225 2186 484 2276 distinguuntur,
499 2201 553 2269 ut,
571 2208 676 2273 quum
689 2183 730 2248 ad
747 2185 907 2272 posterius
924 2183 1097 2250 scribendo
1116 2184 1308 2272 legendove

221 2293 424 2380 perveneris,
441 2293 557 2380 prioris
569 2292 741 2364 locutionis
756 2289 895 2355 formam
909 2313 1012 2380 prope
1027 2292 1148 2356 oblitus
1162 2290 1227 2373 sis;
1246 2291 1306 2376 fit,

120 2478 122 2484 Ι
222 2416 261 2464 ut
276 2423 416 2488 sequens
434 2400 572 2482 locutio,
591 2424 694 2489 quum
712 2423 780 2464 non
797 2422 896 2464 sensu
907 2400 1030 2480 solum,
1044 2398 1100 2463 sed
1117 2399 1215 2462 etiam
1229 2401 1306 2464 for·

225 2529 277 2570 ma
294 2523 327 2570 et
345 2506 588 2572 construetione
606 2506 707 2594 priori
725 2505 940 2571 enuntiationi
959 2503 1156 2592 respondere
1175 2502 1306 2573 debere

221 2612 398 2694 videretur,
412 2613 463 2678 rel
476 2614 655 2702 paullulum
667 2614 708 2678 ab
720 2613 790 2696 illa,
805 2614 896 2676 nullo
910 2611 1044 2700 quidem
1056 2593 1305 2700 perspicuitatis

223 2717 361 2800 damno,
383 2717 521 2783 recedat.
536 2719 614 2799 Ejus
633 2718 759 2806 generis
773 2716 855 2781 illud
871 2734 937 2799 est,
956 2739 1057 2803 quum
1072 2722 1305 2804 postprr'mwn

224 2845 292 2889 non
308 2823 457 2910 sequitur
474 2822 606 2903 deinde,
626 2824 676 2888 vel
687 2824 831 2914 alterum
850 2835 909 2888 aut
925 2845 1136 2911 suppressum
1152 2837 1219 2904 est,
1245 2825 1304 2888 vel

224 2931 268 3013 si,
293 2931 414 3018 protasi
427 2929 476 2994 bis
492 2953 558 2994 non
577 2928 689 2994 eadent
709 2929 813 2993 forma
830 2931 952 3017 posita,
975 2928 1127 3016 apodosis
1143 2950 1228 3010 una,
1242 2953 1303 2994 ea·

224 3060 288 3123 que
306 3036 347 3100 ad
367 3037 553 3125 posterioris
576 3036 715 3100 membri
736 3036 895 3100 rationem
919 3033 1162 3100 accommodata
1184 3037 1303 3122 sequi·

224 3157 289 3205 tur.
307 3142 500 3230 Haecigitur
520 3139 683 3206 mutandae
704 3141 956 3206 constructionis
979 3163 1074 3204 causa
1098 3141 1130 3202 in
1151 3139 1303 3228 integra·

224 3269 299 3308 rum
327 3247 531 3310 locutionum
560 3245 779 3325 disjunctione
807 3245 923 3310 idonea
953 3261 1022 3326 est;
1050 3267 1153 3332 eaque
1176 3245 1303 3325 justior

225 3348 321 3416 etiani
336 3367 401 3432 est,
429 3351 456 3414 si
474 3351 509 3414 in
526 3349 631 3450 media
647 3351 813 3414 locutione
835 3351 1055 3438 interponitur
1071 3350 1299 3438 parenthesis:

225 3483 297 3547 quae
309 3481 412 3546 quum
427 3479 518 3522 snam
535 3457 728 3522 sententiam
749 3474 782 3521 et
802 3458 1080 3520 constructionem
1105 3455 1240 3533 habeat,
1270 3459 1301 3522 si

226 3566 321 3630 etiam
336 3562 465 3652 longior
480 3579 542 3642 est,
564 3562 604 3626 ad
622 3563 810 3628 memoriam
826 3559 1057 3626 sublevandam
1076 3583 1159 3648 opus
1177 3578 1226 3625 est
1241 3563 1299 3626 in-

225 3672 347 3735 choatae
375 3669 542 3736 sententiae
567 3664 778 3755 repetitione.'
795 3671 872 3732 ,Haec
897 3665 1089 3732 eorumdem
1116 3667 1299 3734 verborum

223 3778 326 3842 forma
352 3791 384 3838 et
409 3773 523 3837 ordine
550 3772 665 3841 eodem
687 3772 759 3852 liat,
782 3796 824 3836 an
851 3773 1018 3837 locutione
1046 3771 1299 3859 quodammodo

225 3895 346 3946 mutata
357 3926 366 3958 ,
376 3877 477 3960 modo
491 3877 644 3942 eumdem
664 3877 807 3964 denique
820 3900 952 3942 sensnm
964 3876 1122 3964 praebeat,
1133 3899 1200 3939 non
1214 3878 1300 3941 mul·

206 3967 207 3970 Ἴ
223 4005 295 4052 tum
309 3984 438 4066 videtur
451 3985 629 4067 interesse:
648 3981 751 4070 quid?
767 3981 858 4070 quod
874 3983 1080 4070 superiorum
1098 3981 1298 4067 verborum,

222 4095 249 4158 si
268 4093 361 4181 plura
378 4106 472 4170 sunt,
488 4090 615 4154 iteratio
632 4087 753 4176 aliquid
769 4087 853 4152 taedii
867 4088 980 4169 habet,
998 4087 1138 4151 multum
1155 4108 1233 4150 vero
1249 4109 1292 4152 ex

153 4241 158 4251 ·
221 4222 335 4266 eorum
348 4197 399 4263 rel
412 4197 651 4278 contractione,
669 4194 718 4259 vel
732 4195 963 4282 explicatione,
987 4217 1063 4284 cum
1077 4193 1229 4258 varietate
1241 4214 1292 4260 re-
