2828 4896
390 455 453 522 DE
479 451 814 526 ANACOLUTHIS.
1015 453 1137 520 xxxvii

83 569 148 636 darn
163 571 280 638 imitari
296 573 454 660 possit
472 589 512 638 nt
524 567 697 663 superioris
709 571 850 636 Africani
866 569 965 654 lilius,
980 572 1038 661 qui
1048 572 1139 637 hunc

80 677 183 742 Paullo
201 695 316 742 uatum
339 676 523 766 adoptavit,
546 695 681 767 propter
703 677 925 742 infirmitatem
952 678 1139 743 valitudinis

80 807 140 848 non
158 801 223 848 tam
238 785 348 872 potuit
363 785 461 874 patris
479 785 592 850 similia
611 808 696 867 esse,
714 807 811 872 quarn
830 784 883 848 ille
902 783 1007 848 iuerat
1024 786 1075 849 sui
1207 861 1211 874 ¹

77 891 100 952 si
117 891 214 979 igitur
231 913 299 954 non
315 891 436 978 poterit
461 892 529 955 sire
552 913 663 954 causas
688 889 880 982 defensitare
970 890 1036 954 sive
1056 890 1139 955 bella

77 1017 204 1082 gerere:
222 994 274 1060 illa
298 1012 406 1060 umen
429 1011 579 1084 praestare
606 994 751 1078 debebit,
773 1019 845 1083 quae
862 1011 959 1059 erunt
982 997 1015 1059 in
1036 996 1139 1084 ipsius

75 1117 241 1188 potestate,
258 1103 416 1182 justitiam
522 1102 786 1191 temperantiam,
809 1126 877 1191 quo
903 1103 1012 1166 minus
1035 1103 1075 1167 ab
1098 1126 1138 1168 eo

41 1289 45 1297 .
77 1205 122 1290 id,
139 1206 229 1295 quod
242 1206 340 1291 desit,
353 1209 573 1295 requiratur».
589 1207 690 1291 Quod
703 1211 731 1274 J.
749 1209 948 1274 Facoiolatus
960 1210 994 1272 in
1003 1209 1054 1273 his
1068 1231 1139 1272 ana·

17 1339 18 1350 ¹
76 1314 224 1378 coluthon
243 1337 312 1378 esse
329 1313 426 1396 dixit,
449 1313 483 1378 id
502 1336 578 1378 sane
600 1315 729 1378 nullum
755 1331 823 1397 est3
846 1333 930 1379 esset
955 1333 1083 1396 autem,
1112 1314 1139 1378 si

75 1420 186 1503 rerba,
202 1444 276 1508 quae
289 1420 540 1509 asuparioribus
554 1421 601 1485 «si
614 1437 729 1485 natura
742 1443 809 1484 non
823 1423 922 1504 feret,
939 1439 976 1486 ut
990 1420 1138 1509 quaedam

76 1525 183 1590 imitari
199 1527 340 1615 possit»,
365 1543 532 1614 tamquam
548 1526 698 1615 apodosis
715 1525 910 1616 flagitantur,
927 1524 1058 1592 illorum
1069 1551 1139 1592 ver·

75 1631 184 1697 borum
199 1633 439 1698 constructioni
450 1633 559 1696 minus
575 1634 800 1708 convenirent,
812 1657 908 1721 qnam
928 1634 1135 1722 propioribus

75 1737 119 1802 bia
134 1739 181 1802 «si
196 1739 295 1828 igitur
311 1763 379 1806 non
395 1741 515 1827 poterit
533 1739 599 1804 sive
614 1761 727 1804 causas
741 1739 947 1821 defensitare,
960 1757 1043 1805 etc.»
1053 1743 1136 1806 Nam

75 1844 97 1906 si
115 1846 318 1934 superiorum
343 1845 395 1926 vel
414 1861 539 1909 mutato
563 1845 741 1909 verborum
768 1825 899 1926 ordine,
922 1845 977 1909 hic
1003 1846 1135 1933 quidem

73 1975 126 2039 per
142 1965 272 2035 μιρισμὸν,
295 1953 378 2018 lacta
395 1954 546 2040 repetitio
563 1975 601 2016 ea
618 1953 736 2035 verba,
755 1975 828 2039 quae
851 1951 1135 2036 desiderabantur,

73 2074 106 2120 ut
122 2059 152 2124 b.
169 2061 190 2124 l.
210 2059 388 2148 apodosin,
405 2061 450 2124 ita
472 2059 622 2142 adhibet,
648 2075 687 2124 ut
708 2061 868 2124 inchoatae
889 2060 1048 2124 locutioni
1069 2083 1136 2124 non

73 2166 174 2229 minus
193 2168 410 2244 conveniant,
427 2189 527 2254 quam
544 2166 747 2254 repetitionis
759 2169 871 2230 formae
883 2181 916 2230 et
926 2166 1047 2251 ordini3
1068 2189 1135 2230 non

72 2288 115 2336 est
129 2295 188 2336 cur
202 2272 423 2338 anacoluthon
439 2289 632 2339 statuamus.
714 2317 720 2326 -

110 2379 255 2443 Alterum
267 2401 370 2467 genus
384 2395 433 2443 est
446 2379 672 2444 inchoatarum
681 2380 985 2470 locutionum,quae
999 2397 1137 2468 sequen·
1189 2460 1193 2473 ,

71 2485 145 2550 tium
170 2485 347 2551 verborum
369 2487 615 2552 constmctione
636 2510 703 2551 non
717 2481 945 2576 perficiuntur.
967 2488 1005 2551 In
1026 2509 1092 2574 quo
1116 2509 1135 2550 e

72 2589 190 2656 duabus
209 2593 432 2657 locutionibus
449 2595 549 2681 prior,
567 2617 672 2681 quum
690 2595 842 2659 inchoata
858 2595 920 2676 sit,
941 2593 1058 2657 frustra
1078 2613 1135 2656 ex-

73 2713 186 2783 spectat
202 2696 322 2763 finem:
338 2699 499 2787 posterior
520 2716 576 2762 aut
594 2700 736 2788 perfecta
754 2721 812 2788 per
830 2721 864 2763 se
882 2714 947 2778 est,
969 2698 1002 2761 in
1020 2697 1134 2787 primis

72 2821 136 2889 post
151 2803 379 2892 parenthesin,
403 2804 723 2893 quamquam'priori
740 2803 897 2869 locutioni
916 2825 1031 2892 parurn
1054 2825 1134 2866 con-

72 2911 195 2976 reniens
205 2961 215 2995 ,
226 2928 284 2976 aut
299 2913 381 3000 ipsa,
394 2936 499 3000 quum
518 2911 617 2977 finem
632 2913 758 2991 justum
773 2895 1011 2991 haheat,'caret
1024 2927 1132 2974 tamen

71 3017 244 3107 principio,
264 3017 532 3107 quandoquidem
549 3035 598 3083 est
615 3016 729 3082 mediae
748 3018 838 3082 alteri
856 3015 1013 3082 locutioni
1029 3015 1133 3104 appli-

70 3138 139 3186 cata.
157 3124 226 3206 111,
243 3124 296 3205 26,
314 3145 377 3212 97:
393 3125 499 3188 «Utile
516 3122 688 3188 videbatur
704 3123 807 3200 Ulixi,
823 3139 861 3186 ut
877 3119 1010 3211 quidam
1029 3115 1134 3209 poetae

69 3228 173 3318 tragici
201 3227 457 3316 pmdiderunt...
481 3253 558 3294 nam
574 3227 661 3318 apud
682 3229 880 3311 Homerum,
897 3229 1060 3317 optimum
1078 3251 1136 3291 au·
1191 3289 1194 3296 .

68 3351 208 3414 ctorem,
226 3333 297 3398 talis
315 3334 356 3398 de
375 3335 468 3400 Ulixe
489 3335 578 3400 nulla
592 3335 733 3424 suspicio
753 3351 850 3400 est...
871 3333 927 3399 sed
946 3334 1135 3398 insimulant

17 3503 18 3536 r
68 3460 139 3502 eum
163 3439 324 3528 tragoediae
344 3441 551 3506 simulatione
576 3441 708 3505 insaniae
736 3441 882 3504 militiam
907 3440 1132 3527 subterfugere

67 3542 201 3608 voluisse
211 3576 234 3609 ι.
259 3543 365 3609 Verba
387 3546 555 3633 interjecta
581 3546 792 3634 requirebant
816 3546 1005 3635 particulam
1022 3544 1079 3606 sed
1099 3544 1134 3606 in

66 3647 249 3737 excipienda
265 3651 433 3739 superiore
448 3651 616 3715 locutione
632 3668 747 3739 praeter
769 3657 867 3736 euim,
891 3663 1013 3731 atatem,
1034 3653 1135 3736 igitur

65 3755 267 3820 solemnem:
289 3779 396 3844 neque
418 3755 548 3822 difficile
565 3774 613 3822 est
633 3781 671 3822 ex
691 3759 870 3846 posteriore
890 3757 1055 3831 locutione
1078 3778 1132 3820 ex-

64 3862 151 3948 plere
162 3861 325 3950 priorem,
345 3863 378 3926 in
397 3863 489 3943 cujus
505 3863 569 3928 fine
584 3888 652 3928 non
668 3881 792 3953 poterat
811 3887 879 3929 esse
895 3862 1043 3930 arolua'sse.
1056 3861 1133 3944 Quo

65 3991 136 4032 uam
151 3969 225 4034 loco
245 3991 432 4059 comparare
451 3971 578 4052 juvabit
597 3971 716 4053 alium,
733 3972 784 4055 Il,
806 3995 858 4053 aa,
885 3971 945 4060 73,
964 3969 1057 4051 cujus
1070 3969 1133 4033 loci

66 4076 141 4140 ratio
163 4099 231 4140 non
254 4076 395 4142 multum
414 4077 522 4160 abest,
538 4080 619 4166 quin
638 4081 673 4143 in
698 4078 970 4143 anacoluthorum
993 4099 1133 4140 numero

65 4181 229 4248 reserenda
252 4183 303 4249 ait.
332 4213 345 4240 ι
360 4185 543 4250 Perniciose
564 4185 651 4251 enim
675 4185 846 4274 Philippus
877 4187 911 4250 in
943 4183 1131 4264 tribunatu,
