2828 4896
259 464 398 516 xxxvrn
504 385 507 392 Ι
581 441 644 512 DE
671 425 1005 510 Attacottirffls.

260 589 364 658 quum
379 565 484 655 legem
501 561 660 653 agrariam
675 559 796 644 tenes,
816 583 916 650 quam
933 578 1041 626 tamen
1058 563 1218 653 antiquari
1239 567 1335 634 facile

260 695 375 764 passus
393 687 463 754 est,
488 685 523 736 et
538 669 574 734 in
596 691 638 734 eo
655 669 865 734 vehementer
885 691 922 732 se
941 667 1147 734 moderatum
1168 673 1334 760 pmbuisg

263 781 321 847 sed
332 801 437 869 quum
450 779 485 844 in
499 773 627 868 agendo
641 775 745 840 multa
756 775 967 864 populariter,
978 791 1050 840 tum
1065 776 1146 842 iilud
1155 779 1253 862 maie,
1265 803 1336 846 non

262 911 332 955 esse
342 889 378 952 in
394 865 522 952 civiiate
535 883 604 950 duo
615 883 908 966 milliahorninum,
920 884 977 971 qui
989 905 1059 948 rem
1071 884 1227 950 haberent
1235 917 1260 952 ι.
1272 887 1337 952 Hic

261 995 361 1086 igitur
376 994 467 1058 locus
484 988 670 1056 anacoluthi
686 1009 801 1078 expers
810 1005 868 1054 est.
877 988 961 1054 Nam
974 1011 1171 1078 quamquam
1184 992 1276 1080 prior
1287 993 1339 1058 lo-

262 1101 354 1166 cutio
370 1097 501 1164 mutatis
517 1095 623 1161 verbis
640 1095 872 1184 repetitor3ea
892 1111 1018 1178 tamen,
1040 1117 1111 1184 quse
1127 1095 1234 1162 indes
1252 1099 1340 1163 mule

261 1208 430 1298 leguntur,
443 1201 563 1293 pariter
574 1201 775 1266 conveniunt
789 1199 994 1289 perficiendas
1004 1201 1164 1291 superiori
1176 1203 1340 1270 locutioni

262 1301 671 1397 acproximeprmcedeuti.
683 1303 783 1368 Secus
799 1302 1009 1369 statuendum
1026 1321 1076 1368 est
1085 1303 1126 1368 de
1137 1307 1198 1387 111,
1209 1329 1261 1389 ro,
1273 1306 1340 1386 45:

265 1416 467 1482 ..Damonem
482 1427 515 1476 et
529 1409 695 1476 Phintiam
710 1409 932 1498 Pythagoreos
949 1408 1060 1474 ferunt
1074 1411 1138 1476 hoc
1156 1412 1267 1477 animo
1286 1414 1341 1477 in-

179 1599 183 1611 l
267 1537 317 1586 ter
325 1541 360 1588 se
370 1517 481 1600 fuisse,
493 1532 542 1599 ut,
554 1538 658 1604 quum
670 1537 785 1580 eorum
794 1515 886 1580 alteri
896 1515 1073 1604 Dionysius
1082 1533 1239 1606 tyrannus
1250 1517 1340 1584 diem

268 1628 356 1692 necis
373 1624 614 1698 destinavisset,
631 1637 664 1688 et
676 1622 721 1705 is,
744 1622 803 1710 qui
818 1622 920 1688 morti
936 1621 1083 1688 addictus
1102 1641 1199 1707 esset,
1215 1647 1342 1714 paucos

266 1734 329 1802 sibi
340 1731 409 1800 dics
419 1727 759 1799 commendandorum
773 1749 909 1792 sciorum
920 1750 1015 1793 causa
1029 1731 1270 1818 postulavisset,
1284 1753 1343 1796 vas

259 1843 371 1907 iactus
396 1853 446 1902 est
468 1835 549 1904 alter
570 1834 639 1915 ejus
665 1831 837 1900 sistendiu.
852 1833 1007 1922 Neglecm
1023 1835 1179 1900 nimirum
1198 1837 1344 1918 conjun-

267 1949 378 2015 ctio‘ne
393 1957 430 2008 ut
449 1942 546 2010 nimis
567 1956 709 2023 remota,
732 1939 995 2027 verbumfnctus
1010 1953 1058 2006 est
1069 1944 1228 2031 primariae
1246 1947 1345 2010 locu·

267 2054 367 2121 tionis
381 2055 518 2118 tormam
533 2047 660 2138 induit,
678 2069 746 2135 quo
763 2047 866 2136 ipsius
876 2045 1053 2114 vadimonii
1071 2053 1345 2118 commemoratio

268 2159 375 2227 eradit
388 2156 525 2247 gravior.
543 2156 687 2234 Contra,
704 2175 777 2241 quse
793 2153 945 2242 primaria
962 2175 1031 2220 esse
1048 2153 1185 2222 debebat
1206 2175 1346 2223 senten-

267 2268 333 2342 tia,
348 2266 487 2328 formam
502 2257 627 2347 accepit
642 2256 841 2324 secundario
853 2259 887 2340 1,
908 2283 939 2347 7,
959 2281 1019 2324 aa:
1037 2259 1122 2325 «sed
1139 2263 1347 2350 quoniam..-

268 2390 307 2438 ut
319 2369 470 2461 preclare
485 2367 642 2456 scriptum
656 2382 705 2430 est
720 2388 739 2429 a
757 2365 920 2432 Platone..
930 2414 938 2432 .
949 2388 1016 2432 non
1036 2369 1131 2434 nobis
1148 2370 1254 2436 scium
1273 2371 1347 2436 nati

129 2547 134 2557 ,
268 2501 399 2559 sumus,
418 2493 577 2563 ortusque
594 2473 698 2540 nostri
714 2489 838 2562 partem
852 2474 956 2562 patria
970 2471 1133 2559 vindicat,
1148 2493 1273 2566 partem
1289 2499 1349 2567 pa-

269 2601 395 2664 rentes,
411 2597 535 2670 partem
550 2578 644 2644 amici
657 2599 666 2644 t
680 2593 795 2665 atque,
809 2594 848 2643 ut
858 2579 963 2667 placet
977 2579 1109 2662 Stoicis,
1119 2603 1192 2669 quo
1208 2582 1243 2646 in
1258 2598 1348 2648 terra

271 2692 461 2783 gignuntur,
486 2684 529 2752 ad
552 2708 651 2752 usum
676 2683 849 2752 hominum
875 2685 985 2752 omnia
1005 2687 1347 2754 creari=.1ufinitivos

265 2799 376 2880 omri
390 2793 511 2886 pendet
526 2816 545 2858 e
563 2793 691 2881 placet,
711 2791 803 2880 quasi
824 2791 982 2882 scriptum
1003 2794 1104 2860 fuerit
1124 2809 1220 2886 atqua
1235 2795 1350 2886 placet

269 2906 392 2970 Stoico.
409 2901 572 2989 Scriptum
588 2913 697 2964 autern
716 2895 869 2986 utplacet
885 2898 1018 2982 Stoicis,
1036 2901 1111 2966 loco
1126 2903 1347 2970 secundario:

271 3035 339 3101 quo
353 3009 409 3092 fit,
426 3023 465 3072 ut
480 3019 686 3094 exspectetur
695 3005 802 3070 omnm
818 3019 979 3070 emantur.
998 3006 1043 3070 Ut
1056 3014 1160 3072 creari
1171 3010 1348 3098 scriberet,

273 3117 429 3184 monebat
441 3115 539 3180 etiam
555 3112 704 3202 proxime
718 3110 903 3201 praecedens
916 3121 1227 3204 quoe...gt'gnuntur,
1245 3120 1299 3184 cui
1317 3123 1349 3186 si

271 3221 450 3289 addidisset
470 3218 519 3282 od
538 3240 631 3284 usum
656 3217 819 3283 hominum
844 3221 951 3282 ornum
977 3235 1143 3305 meunmr,
1168 3223 1348 3292 verborum

273 3345 437 3396 structura
459 3325 610 3392 evasisset
625 3323 825 3412 impeditior,
842 3341 941 3414 atque
963 3349 1003 3392 ex
1021 3326 1157 3417 duplicis
1179 3329 1347 3414 indicativi

273 3455 438 3502 concursu
461 3452 499 3496 ac
527 3429 712 3498 diversitate
739 3430 836 3496 etiam
859 3431 1041 3516 molestior,
1065 3435 1099 3516 1,
1115 3456 1172 3517 to,
1189 3435 1251 3502 33:
1273 3439 1350 3504 «Ne

273 3557 385 3606 noster
409 3535 541 3627 quidem
564 3533 774 3624 probandus,
793 3536 821 3602 si
840 3557 955 3602 verum
974 3555 1040 3620 est,
1062 3541 1104 3622 Q.
1127 3539 1265 3606 Fabium
1284 3545 1350 3608 La·

273 3650 432 3730 beonem,
464 3667 523 3712 seu
549 3666 647 3731 quem
670 3642 814 3708 alium...
837 3643 919 3708 nihil
944 3645 1032 3710 enim
1057 3663 1173 3736 praeter
1196 3647 1349 3716 auditum

228 3753 232 3762 ’
272 3757 423 3822 habeo...
440 3753 599 3818 arbitrum
616 3751 752 3817 Nolanis
770 3767 803 3814 et
820 3751 1052 3842 Neapolitanis·
1065 3753 1108 3819 de
1126 3755 1246 3821 finibus
1261 3779 1280 3820 e
1300 3781 1353 3822 se-

275 3879 356 3928 natu
388 3859 521 3942 datum,
559 3869 662 3946 q'uum
690 3855 732 3921 ad
762 3857 873 3924 locum
898 3860 1063 3944 venisset,
1092 3883 1169 3928 cum
1198 3864 1352 3953 utrisque

273 3969 445 4060 separatim
453 3967 629 4054 loquuturn
637 3964 913 4054 ».Abinterposita
924 3969 1147 4034 enuntiatione
1156 3970 1352 4038 secundaria

273 4109 287 4133 .
296 4077 324 4142 si
337 4097 453 4139 verum
465 4088 535 4136 est·
549 4069 692 4158 pendere
704 4069 820 4134 maluit
832 4071 947 4138 Cicero
960 4096 997 4138 ea
1008 4121 1018 4156 ,
1030 4097 1103 4163 quae
1112 4076 1252 4167 vulgaris
1264 4081 1352 4144 ratio

274 4175 476 4244 nominativo
492 4173 558 4240 fere
574 4173 620 4238 sic
635 4173 849 4261 expresserit:
865 4173 916 4240 Ne
931 4191 1043 4242 noster
1058 4175 1189 4266 quidem
1209 4179 1356 4268 proban·
