2828 4896
468 508 715 578 PRAEFATIO.
1088 537 1124 580 rr

110 632 188 713 Qum
211 645 322 694 eutem
348 652 388 692 ex
409 627 549 716 quadam
570 629 728 694 librorum
751 646 897 696 veterum
916 631 1126 698 contentione

72 736 124 814 jam
149 735 354 824 superiorum
377 735 592 823 interpretum
625 755 724 824 opera
751 753 858 802 essent
888 738 1042 821 stabilita,
1068 763 1126 804 eo·-

75 865 134 906 rum
150 841 307 930 plurima,
323 841 350 906 si
369 841 462 922 cujus
479 844 564 906 forte
581 842 751 906 interesset
766 843 867 924 scire,
883 845 976 925 cujus
994 867 1125 933 operae

74 963 181 1034 quantu
198 945 270 1010 labe
284 968 424 1034 qumque
437 963 545 1010 essent
557 945 706 1026 liberata,
721 945 870 1012 indicavi.
886 947 1000 1036 Neque
1015 967 1125 1015 temen
1173 953 1177 966 '

74 1054 171 1116 omnia
195 1075 254 1140 par
278 1069 345 1116 erat
367 1052 519 1139 recoqui‚
545 1073 617 1138 quse
639 1073 743 1140 quum
766 1053 835 1135 alii,
850 1070 921 1118 turn
934 1055 1128 1145 Heusingeri

74 1157 281 1238 monuissent;
297 1155 355 1221 sed
369 1179 441 1244 quae
457 1155 693 1220 leviornessent
704 1203 713 1238 ,
724 1173 780 1221 aut
793 1158 860 1237 jam
880 1157 1006 1222 dudum
1020 1162 1128 1247 explo-

74 1279 130 1326 retr
139 1279 172 1326 et
184 1263 275 1351 qussi
291 1262 440 1326 omnium
455 1283 617 1326 consensu
633 1260 837 1344 confirmate,
848 1263 1128 1330 setiusvidebotur

73 1369 325 1455 pretermittere,
360 1391 541 1456 eorumque
569 1367 684 1432 studiis
718 1369 920 1458 relinquere,
941 1370 998 1458 qui
1024 1394 1129 1458 quum

73 1475 171 1538 omnia
188 1473 300 1538 denuo
317 1473 380 1560 ipsi
395 1473 590 1561 perscrutari
606 1474 738 1553 volunt,
761 1475 1128 1562 apraestantissimarum

73 1595 147 1644 certe
162 1579 347 1644 editionum
364 1577 635 1642 conferendarum
653 1579 763 1643 lobore
782 1603 824 1644 ne
840 1580 978 1668 cupiunt
996 1581 1129 1668 quidem

72 1685 203 1750 liberari.
219 1685 428 1772 Quemquam
440 1684 473 1747 in
487 1684 551 1748 hoc
562 1706 679 1772 genere
690 1681 916 1751 difficillimum
930 1702 980 1750 est
992 1687 1130 1752 modum

73 1793 186 1882 ubique
208 1813 351 1874 sertore,
377 1815 519 1880 eumque
537 1791 686 1856 locorum
710 1793 952 1881 lectionumque
968 1793 1130 1860 delectum

72 1897 185 1980 facere,
202 1900 259 1986 qui
275 1899 471 1988 peritissimo
491 1898 613 1986 cuique
628 1898 759 1986 probari
777 1900 890 1987 possit.
906 1899 975 1964 Nec
990 1920 1069 1964 vero
1085 1902 1131 1965 sio
1220 1975 1226 1994 Ι

72 2023 142 2068 sunt
168 2003 344 2085 editiones,
367 2027 439 2092 que
461 2004 619 2084 juvenum
645 2001 901 2068 erudiendorum
921 2027 1016 2070 causa
1033 2004 1132 2069 ador·
1183 2073 1185 2078 ,

18 2173 20 2186 ,
71 2125 197 2192 nentur,
214 2110 406 2192 utilissime,
424 2109 450 2173 si
469 2132 684 2198 quecumque
699 2110 741 2174 ab
756 2109 867 2175 idonei
878 2112 1064 2199 interpretis
1075 2133 1132 2176 ore

71 2233 311 2305 exspectantur,
333 2217 385 2280 vel
402 2217 500 2280 etiam
524 2216 633 2305 pueris
662 2216 846 2297 notissima,
864 2217 951 2305 typis
976 2218 1131 2305 impressa

70 2322 289 2411 suppeditant3
314 2322 372 2386 sed
398 2321 499 2386 multe
516 2339 595 2388 sunt
618 2322 815 2387 scholasticas
836 2322 1014 2410 discipline
1032 2323 1131 2386 relin-

71 2429 213 2514 quenda,
235 2429 295 2492 alie
311 2429 421 2516 paucis
440 2426 643 2516 attingendo,
666 2444 703 2490 ut
723 2441 755 2492 et
772 2429 964 2517 intelligenti
983 2427 1132 2512 uertat,

70 2551 98 2596 et
112 2536 272 2613 juvenum
295 2533 418 2614 judicio
440 2532 641 2622 expediendo
667 2532 916 2623 subigendoque
942 2551 1133 2624 suggeratur

70 2643 216 2722 materia,
232 2642 267 2704 in
279 2663 344 2728 que
359 2641 428 2706 reri
446 2657 479 2704 et
496 2639 625 2727 pulchri
649 2659 780 2702 sensum
798 2656 1007 2727 expromunt,
1018 2640 1133 2728 prisci·
1194 2681 1196 2686 .

71 2769 130 2832 que
143 2747 305 2811 sermonis
317 2746 457 2810 rationes
469 2746 530 2832 ipsi
546 2760 745 2832 cognoscent
758 2761 791 2808 et
805 2743 999 2809 discernant.

111 2853 203 2934 Quos
220 2851 330 2915 Jacobi
348 2851 517 2916 Ftcciolati
537 2851 655 2914 horum
678 2849 837 2914 librorum
859 2849 978 2933 editio,
994 2873 1066 2938 que
1080 2852 1132 2914 in-

71 2959 250 3022 scribitur«
264 2957 309 3020 M.
329 2958 367 3021 Τ.
389 2957 555 3022 Ciceronis
576 2956 617 3019 de
641 2955 765 3020 Officiis
784 2957 857 3018 libri
875 2972 956 3039 tres,
973 2955 1014 3021 de
1033 2957 1134 3022 Sene·

70 3079 173 3146 ctute,
194 3062 234 3126 de
249 3062 416 3144 Amicitia,
428 3061 468 3126 de
481 3061 617 3126 Somnio
630 3061 788 3153 Scipionis
800 3075 833 3124 et
846 3060 1019 3126 paradoxa.
1032 3065 1135 3127 Acce·

71 3167 115 3230 dit
137 3169 180 3250 Q.
203 3169 325 3232 Fratris
349 3166 651 3232 commentariolum
673 3165 846 3254 petitionis.
872 3167 920 3230 Ex
946 3169 1135 3234 recensione

70 3275 178 3338 iacobi
202 3274 384 3338 Faccioluti.
406 3273 550 3338 Veneriis
577 3277 676 3360 1747,
697 3295 736 3336 ex
755 3272 948 3360 typograph.
973 3275 1024 3339 Jo.
1042 3277 1135 3362 Bopt.

71 3379 197 3444 Albritii
215 3380 406 3467 Hieronymi
420 3378 467 3465 (ι)
477 3409 505 3460 ι,
523 3378 671 3442 continet
686 3377 800 3442 breves
815 3394 849 3441 et
857 3378 1059 3444 suavissimas
1066 3402 1137 3466 par·

71 3485 126 3548 tim
145 3509 188 3550 ex
207 3485 354 3565 historia,
382 3485 497 3572 purtim
522 3507 541 3548 e
569 3482 774 3571 philosophia
801 3481 913 3548 ductas
937 3482 1136 3548 animadver-

70 3593 194 3674 siones,
210 3594 365 3682 quoniam
382 3594 410 3657 is
427 3592 509 3658 liber
521 3591 645 3680 antiqui
660 3591 829 3670 cujusdam
846 3591 967 3656 codicis
981 3592 1137 3656 lectiones

70 3697 256 3786 suppeditat
271 3698 423 3786 idemque
447 3698 627 3762 rarissimus
646 3712 708 3776 est,
726 3696 866 3784 integros
888 3698 1016 3784 recepi,
1043 3701 1138 3762 neiis

70 3803 203 3889 quidem
220 3805 370 3885 omissis,
386 3827 458 3891 quse
472 3804 506 3866 in
524 3821 615 3868 textu
631 3817 775 3866 anostra
788 3803 914 3866 ratione
930 3801 1118 3870 recederent
1131 3867 1140 3904 ‚

71 3911 248 3996 presertim
271 3932 375 3996 quum
403 3909 581 3997 losephum
605 3909 768 3974 Olivetum
793 3908 893 3972 tertie
914 3908 979 3972 Cic.
1001 3932 1139 3998 operum

70 4015 224 4096 editioni,
241 4032 322 4084 tom.
343 4015 410 4090 Ill,
433 4013 571 4080 Genevae
597 4032 648 4078 on.
675 4009 776 4098 1758,
803 4034 864 4076 nec
892 4012 1051 4103 integram
1075 4017 1138 4080 lac.

103 4251 142 4314 (r)
164 4251 281 4300 Priorem
290 4249 349 4300 edit.
358 4247 507 4315 protelent,
522 4249 573 4298 rins
584 4263 630 4298 suo
640 4249 754 4312 nominc,
768 4249 849 4296 Pater.
863 4263 937 4310 ¹7²⁰·
950 4249 998 4297 En.

961 4357 996 4404 a.
