2770 4888
174 425 177 442 ’
255 487 311 533 xx
605 463 719 531 novt
744 461 957 532 entreats

256 598 365 670 ducat
382 597 450 683 sic,
464 611 505 666 ut
524 621 598 670 non
615 621 706 693 opus
726 598 829 668 novis
844 597 891 666 sit
912 593 1193 671 adolescentium
1211 601 1316 700 inter-

255 719 523 820 rogatiunculis.
551 721 670 810 Quare
696 721 822 792 Cicero
848 721 885 790 in
909 717 1024 792 tribus
1050 719 1319 816 rogationibus,

254 871 320 918 co
346 847 497 944 princip.
517 858 592 914 tum
618 843 746 916 eodem
765 867 796 915 c.
815 858 905 916 extr.
924 843 1083 940 denique
1096 843 1219 918 medlo
1235 871 1267 916 c.
1286 847 1322 932 3,

252 969 399 1043 Laelium
419 982 454 1038 et
473 967 676 1065 Scipionem
694 963 799 1036 finxit
813 967 1061 1063 acquiescere,
1078 964 1252 1064 deinceps
1268 993 1319 1040 re·

252 1093 367 1190 liqna,
381 1107 422 1162 ut
438 1113 562 1162 eorum
579 1087 832 1162 verecundiam
849 1087 1018 1176 decebat,
1038 1089 1173 1162 audire.

301 1214 516 1288 «Accedunt
537 1211 582 1283 ad
606 1213 715 1310 hujus
740 1203 925 1286 sermonis'
934 1213 1147 1310 elegantiam
1173 1214 1320 1284 Catonis

252 1363 414 1439 personae
439 1362 516 1410 earn
547 1338 694 1436 quidem
721 1337 881 1410 debitam
911 1336 987 1408 duo
1014 1336 1179 1434 quaetlam
1212 1362 1320 1408 orna·

254 1476 393 1537 menta:
414 1461 566 1537 alterum
583 1465 655 1534 aT.
668 1469 791 1560 Pomp.
802 1462 910 1534 Attici
921 1461 1143 1534 humanitate
1157 1459 1323 1546 ductum,

251 1587 308 1661 cui
326 1586 469 1672 Cicero,
485 1584 654 1680 adjuncta
677 1587 716 1679 (S
735 1585 768 1680 1)
785 1586 980 1680 justissima
1006 1585 1075 1657 viri
1095 1585 1321 1670 laudatione,

204 1775 207 1780 .
249 1709 406 1782 dicatum
425 1707 525 1780 hunc
544 1707 680 1780 librum
700 1707 746 1780 de
768 1695 963 1798 Senectute
983 1733 1060 1780 esse
1078 1707 1214 1793 voluit;
1234 1709 1320 1781 alte·

250 1858 329 1908 rum
352 1833 423 1908 hoc
441 1847 516 1920 est,
534 1831 636 1930 quod
659 1835 704 1924 Q.
723 1834 828 1904 Ennii
849 1834 1061 1906 memoriam
1079 1831 1150 1906 boo
1171 1857 1322 1930 quoque

250 1956 344 2030 libro
371 1957 546 2043 recoluit,
577 1980 776 2053 senemque
808 1959 1002 2042 Catonem,
1031 1956 1062 2028 si
1093 1981 1169 2027 non
1198 1957 1321 2053 ipsum

252 2097 396 2179 poetam
413 2078 551 2178 fingere
570 2079 690 2164 licuit,
713 2094 750 2152 at
772 2082 879 2152 Ennii
900 2095 1021 2154 tamen
1038 2103 1161 2154 amore
1184 2095 1220 2150 et
1242 2105 1319 2152 ser-

250 2227 360 2276 mone
385 2201 568 2272 imbutum
598 2201 776 2288 ostendit,
800 2217 842 2274 ut
869 2207 1083 2290 sentiamus,
1104 2228 1215 2301 quam
1237 2228 1322 2278 eon·

251 2328 361 2430 spiret
380 2325 590 2398 brevissima
609 2326 685 2398 baec
710 2326 787 2402 laus
811 2329 846 2424 (§
865 2327 917 2422 1):
947 2327 1041 2400 «Ille
1059 2328 1115 2398 vir
1133 2325 1230 2398 baud
1249 2352 1323 2398 ma·

251 2476 347 2552 «gna
377 2474 460 2522 cum
487 2475 543 2538 re,
569 2449 631 2522 sed
655 2449 778 2548 plenu'
797 2450 926 2538 fidei»,
960 2477 1043 2524 cum
1073 2450 1237 2524 miranda
1262 2452 1323 2524 illa

250 2574 463 2668 Quintiliani
484 2599 597 2662 voce,
619 2580 670 2662 X,
694 2600 725 2662 1,
749 2575 819 2648 88:
848 2577 1051 2659 «Ennium,
1077 2578 1170 2649 sicut
1197 2599 1321 2648 sacros

249 2729 266 2764 ιι
278 2712 456 2772 vetustate
473 2697 590 2784 lucos,
612 2697 822 2788 adoremus,
835 2702 873 2772 in
888 2699 1023 2798 quibus
1041 2697 1190 2797 grandia
1208 2714 1246 2770 ct
1261 2724 1322 2773 an·

251 2823 382 2924 atiqua
397 2820 528 2892 robora
538 2821 612 2918 jam
626 2845 701 2892 uon
722 2837 858 2892 tantam
872 2822 1008 2896 habeut
1022 2823 1197 2920 speciem,
1211 2847 1324 2920 quan·

250 2977 267 3012 a
280 2961 352 3018 tam
373 2945 583 3046 religionem
592 2977 620 3017 n.
638 2947 791 3046 (Proleg.
810 2971 845 3045 p.
864 2973 947 3035 ιιιιι,
970 2961 1046 3024 not.
1063 2947 1107 3043 ι.)

298 3197 361 3264 «A
387 3189 557 3264 liberiore
585 3193 762 3264 sermonis
791 3190 973 3267 familiaris
1000 3195 1104 3266 initio
1135 3192 1323 3291 profectus

252 3319 342 3390 Cato
365 3338 439 3388 uon
469 3313 702 3412 prolixiorem
729 3315 774 3387 de
802 3331 989 3390 senectute
1014 3319 1214 3393 orationem
1240 3341 1322 3414 pro-

249 3439 377 3528 mittit,
396 3435 460 3510 sed
479 3451 621 3510 tantum
641 3438 797 3536 prabet,
813 3457 992 3538 quantum
1012 3443 1190 3540 Scipionis
1208 3441 1322 3516 verba

250 3564 284 3660 (5
307 3568 344 3660 4)
365 3560 618 3661 requirebant,
638 3578 679 3634 ut
697 3564 883 3638 stultitiam
905 3591 1050 3654 eorum,
1071 3566 1136 3662 qui
1156 3581 1322 3638 senectu-

251 3701 324 3758 tem
347 3700 538 3774 accusant,
561 3687 719 3784 castiget.
744 3691 835 3760 Tum
854 3687 902 3764 ad
922 3687 1016 3760 Laelii
1038 3687 1324 3786 postulationem

250 3809 335 3884 inde
352 3813 405 3908 ἃς
426 3837 445 3908 7
464 3809 672 3882 Salinatoris
691 3825 726 3882 et
741 3809 862 3886 Albini
882 3812 1048 3910 querelas
1066 3812 1111 3887 de
1126 3812 1326 3910 voluptatis

251 3949 287 4011 et
309 3932 460 4013 honoris
478 3931 680 4010 desectione
698 3935 916 4032 perstringit.
930 3938 1047 4010 Tertia
1066 3935 1219 4008 demum
1230 3938 1325 4020 vice,

251 4057 338 4130 inde
356 4083 376 4130 a
397 4058 417 4152 5
436 4059 478 4141 a,
497 4056 615 4130 aditus
631 4056 676 4131 ad
695 4055 948 4156 disputationis
964 4060 1140 4136 rationem
1158 4061 1324 4156 aperitur

156 4231 159 4236 -
251 4183 320 4270 sic,
342 4196 382 4254 ut
405 4183 442 4252 in
464 4183 508 4270 Q.
524 4180 624 4252 Fabii
645 4179 814 4254 laudibus
832 4187 920 4264 Cato
937 4184 1072 4256 diutius
1087 4183 1238 4271 haereat,
1260 4182 1323 4256 de·
