2770 4888
431 469 739 540 PRAEMONITIO.
1028 465 1127 557 xxiij

72 606 287 700 Antiquiores
314 599 493 674 editorum
530 608 622 676 Oxx.
659 602 792 698 judicio
817 601 987 674 videntur
1008 623 1121 682 essen

72 730 82 820 (
93 727 201 798 forsan
219 750 400 797 annorum
413 727 518 823 ccc),
531 753 553 798 ο
568 740 603 797 et
618 757 637 798 σ
653 728 796 799 circiter
805 750 984 798 annorum
997 730 1040 797 D.
1054 733 1124 799 Ho-

73 875 142 920 rum
159 849 333 921 librorum
353 851 517 922 omnium
537 851 710 923 lectiones
729 851 886 948 integras
907 853 943 920 iu
963 849 1036 922 fine
1054 851 1126 923 edi·

74 975 167 1044 tionis
182 973 293 1069 adjeci
307 973 370 1070 (1).
387 979 427 1044 In
449 991 622 1073 promptu
640 990 743 1048 erant
763 976 869 1046 etiam
888 977 998 1046 trium
1017 974 1123 1047 codd.

72 1101 145 1168 MSS
158 1095 237 1168 libri
254 1096 301 1168 de
314 1099 454 1168 Senect.
468 1097 652 1186 lectioneS,
663 1123 753 1196 quas
767 1122 850 1170 cnm
861 1097 946 1169 edit.
954 1103 1066 1168 Wetz.
1079 1099 1125 1170 ab

72 1225 140 1317 ipso
154 1222 318 1310 collatas,
336 1235 372 1293 et
391 1221 582 1320 aliquoties
595 1222 732 1294 notulis
745 1227 819 1294 suis
832 1237 975 1310 auctas,
994 1224 1126 1320 insigni

73 1343 271 1417 liberalitate
293 1369 437 1416 mecum
465 1346 745 1417 communicavit
768 1349 816 1416 M.
838 1347 970 1418 Christ.
992 1345 1124 1418 Gottsr.

72 1469 198 1557 MiiMer,
220 1475 356 1541 Rector
373 1469 512 1540 Scholae
530 1473 689 1540 Cizensis
707 1471 965 1542 meritissimus.
989 1476 1062 1542 Hos
1083 1470 1126 1540 li·

6 1599 7 1642 *
73 1593 148 1666 bros
166 1597 203 1666 in
225 1598 323 1668 notis
340 1593 493 1667 indicavi
517 1620 581 1695 per
597 1602 643 1682 A,
666 1601 710 1685 B,
732 1600 772 1667 C.
800 1595 855 1667 Ad
874 1597 941 1669 hos
963 1597 1126 1696 singulos
1241 1595 1248 1610 '

72 1715 316 1790 describendos
327 1743 409 1816 quae
421 1719 595 1792 Miillerus
607 1721 767 1807 notavit,
778 1719 853 1791 haec
867 1735 972 1791 sunt:

111 1849 249 1914 «Variae
262 1843 344 1915 lect.
360 1869 404 1915 ex
418 1847 527 1932 MSS,
545 1843 647 1941 quod
664 1843 700 1914 b.
715 1849 770 1915 Jo.
786 1844 868 1914 Chr.
885 1843 1048 1943 Theoph.
1066 1851 1127 1916 Er-

72 1971 179 2038 «nesti
199 1965 464 2065 possidebat-in
483 1969 555 2040 Cic.
572 1968 619 2039 de
634 1972 866 2040 Senectute».

112 2095 176 2162 «A.
199 2095 345 2188 «Supra
374 2115 497 2162 versus
526 2094 642 2190 posita
669 2106 755 2162 sunt
783 2091 938 2180 scholia,
969 2118 1129 2190 quorum

72 2214 256 2310 «quedam
276 2213 407 2285 addidi.
428 2221 597 2287 Ceterum
612 2213 723 2288 verba
736 2215 830 2288 male
845 2216 1030 2306 distracta,
1050 2243 1082 2290 e.
1098 2243 1130 2315 g.

6 2405 7 2434 ἶ
71 2339 233 2434 «d-igna,
256 2353 324 2426 etr,
346 2337 477 2410 Scribit
494 2355 583 2434 aput
603 2359 671 2438 pro
693 2339 808 2438 apud.
829 2342 912 2411 Sine
934 2339 1059 2437 figuris
1078 2344 1150 2411 in·¹

6 2437 8 2468 ⁵
72 2471 376 2560 «terrogationum
407 2477 461 2533 est
494 2463 672 2560 scriptus,
706 2465 783 2536 sine
818 2479 1018 2551 commate,
1054 2467 1131 2534 sine

6 2639 7 2682 ,
72 2561 253 2682 «punctoz
280 2585 464 2658 interdum
484 2585 630 2658 duobus
654 2588 799 2686 punctis
825 2603 879 2658 est
903 2589 1057 2686 scriptus
1074 2612 1132 2658 co·

72 2739 85 2772 r
101 2707 162 2782 dex
177 2711 389 2782 chartaceus
404 2713 487 2796 in-lt
502 2712 634 2782 minori
647 2741 674 2780 o.
694 2715 735 2782 ln
758 2710 831 2784 fine
846 2716 889 2782 V.
909 2715 953 2782 D.
969 2710 1108 2782 addidit
1123 2737 1131 2779 ι

73 2835 243 2906 «Videtur
270 2839 443 2931 scripturn
475 2833 547 2905 hoc
571 2837 634 2906 MS
666 2834 796 2906 saeculo
827 2839 906 2922 XV,
935 2835 990 2906 vel
1023 2837 1132 2904 etiarn

73 2961 193 3047 «XVI,
206 2957 254 3028 ab
269 2959 386 3028 initio.
399 2961 475 3030 Nec
489 2957 668 3046 additum,
686 2983 706 3028 a
720 2983 892 3056 quonam,
905 2973 942 3030 et
956 2984 1031 3056 quo
1049 2974 1133 3030 tern-

73 3107 182 3178 «pore
202 3087 250 3155 sit
271 3084 458 3180 scriptum.
476 3087 540 3154 Est
561 3081 678 3154 forma
701 3083 895 3180 quadrata,
917 3099 955 3154 et
970 3087 1132 3155 continet

73 3229 199 3276 «xxxin
216 3203 397 3304 plagellas.
410 3210 529 3276 Scatet
542 3205 768 3304 compendiis
781 3205 974 3278 scribendi.
991 3205 1132 3278 Scholia

73 3353 86 3386 α
100 3341 130 3396 et
147 3342 360 3426 argumenta
374 3329 526 3426 margini
541 3329 706 3427 apposita
722 3328 813 3399 alius
823 3329 996 3401 videntur
1008 3343 1133 3400 aucto·

75 3450 144 3520 uris
166 3475 277 3549 quam
304 3465 495 3522 contentus
517 3475 605 3523 esse.
625 3451 813 3524 Interdum
836 3466 922 3523 sunt
942 3465 1037 3522 notae
1060 3454 1134 3522 istae

76 3575 365 3663 «interlineares,
397 3577 537 3646 minimi
562 3578 756 3665 momenti;
776 3575 960 3647 interdum
986 3599 1134 3647 sensum

74 3699 277 3794 «adjuvant.
293 3699 506 3772 Scholiastes
523 3723 615 3798 saepe
631 3699 857 3796 significatio
874 3699 1054 3794 margine,
1069 3699 1132 3772 ubi

76 3823 220 3896 «Cicero
245 3822 299 3894 ab'
319 3823 386 3894 hac
409 3847 448 3893 re
472 3837 629 3894 transeat
656 3821 700 3894 ad
725 3820 840 3893 aliam.
861 3824 1055 3918 Praeposito
1079 3840 1134 3895 est

104 4107 205 4174 (1)Mos
223 4111 280 4160 illae
298 4111 405 4174 integras
424 4125 518 4158 servare
536 4125 587 4159 non
604 4112 740 4176 potuimus,
758 4109 801 4158 sed
818 4109 953 4158 contextui
972 4109 1135 4173 inseruimus,

78 4217 122 4264 qur
132 4206 232 4269 aiicujus
245 4223 299 4258 eme
316 4210 434 4257 nromeuti
451 4206 605 4256 videbantur.
