2770 4888
240 447 365 506 xxxiv,
560 423 623 492 DE
649 419 980 493 ausconnrffls

242 563 306 612 tate
321 561 353 610 et
369 545 555 628 honestate,
579 565 677 610 nemo
699 544 972 610 anacoluthorum
993 542 1028 607 in
1055 543 1203 633 optimis¹
1225 546 1330 610 etiam

243 652 406 718 Ciceronis
422 649 512 716 libris
530 651 747 741 frequentiam
763 647 945 733 mirabitur,
962 671 1040 732 nec,
1058 671 1126 738 quo
1143 643 1192 716 in¹
1205 671 1334 739 genere

244 758 296 824 illa
309 757 462 848 ponenda
474 759 556 843 sint,
570 757 741 824 dubitabit.
754 759 838 824 Nam
849 757 1002 822 aliibunc
1015 755 1166 830 dictionis
1181 757 1334 824 modum

245 881 373 929 tanturn
399 847 467 930 non
492 865 527 930 in
555 864 641 930 titiis
666 865 803 947 babent,
825 885 883 929 eos
905 862 1038 952 quidem
1058 864 1217 942 reveriti,
1247 883 1335 952 quos

244 969 387 1036 viderint
396 971 561 1036 interdum
576 969 830 1038 constructionis
841 970 980 1034 sormam
994 985 1153 1052 mutasse,
1167 971 1230 1036 vel
1248 968 1334 1032 duas

245 1075 429 1142 locutiones
445 1078 692 1167 permiscuisse:
711 1077 803 1166 quasi
817 1075 969 1142 dictionis
985 1075 1137 1140 honestas
1150 1093 1188 1141 et
1202 1097 1334 1141 conve·

249 1183 372 1250 nientia
390 1207 408 1248 e
424 1185 492 1249 sola
505 1185 702 1274 scriptorum
718 1180 910 1249 auctoritate
924 1181 1099 1264 judicanda
1112 1183 1170 1265 sit,
1199 1183 1257 1246 vis
1274 1203 1336 1245 au·

247 1305 314 1352 tem
337 1306 372 1355 et
393 1308 510 1355 natura
535 1289 664 1356 dicendi
685 1288 938 1356 contemnenda.
962 1289 1045 1370 Alii,
1070 1289 1257 1378 inquibus
1284 1303 1336 1353 est

250 1395 300 1459 vir
318 1397 568 1484 spectatissimus
586 1397 750 1481 Matthias,
777 1397 996 1462 anacoluthon
1014 1395 1056 1462 ad
1069 1409 1204 1485 gratam
1223 1393 1336 1483 negh'-

247 1507 390 1588 gentiam
410 1504 571 1592 pertinere
596 1503 727 1587 dicunt,
759 1503 802 1569 de
828 1525 892 1592 qua
920 1505 947 1568 1.
974 1509 1012 1568 A.
1043 1505 1169 1568 Ernest.
1200 1505 1334 1590 Opusc.

251 1607 364 1695 philol.
375 1626 409 1675 et
423 1612 492 1675 crit.
507 1633 540 1700 p.
558 1633 631 1700 127,
646 1612 788 1701 apemit,
812 1633 911 1700 quam
933 1608 1015 1674 dixit
1031 1631 1102 1674 eam
1118 1631 1212 1691 esse,
1237 1625 1282 1672 ut
1299 1607 1335 1670 in

250 1715 349 1779 rebus
362 1713 606 1804 pulchritudine
626 1734 660 1783 et
677 1733 746 1784 arte
765 1733 798 1782 et
813 1717 905 1806 copia
922 1715 1169 1805 praestantibus,
1196 1716 1229 1780 si
1248 1712 1336 1802 qnid

251 1820 499 1912 subneglectum
520 1823 681 1907 videatur,
704 1847 743 1889 eo
760 1846 828 1889 nou
847 1823 956 1887 minus
970 1843 1093 1911 prope,
1113 1844 1214 1910 quam
1237 1817 1335 1909 quod

253 1928 433 2016 perfectum
449 1946 512 2012 est,
528 1927 729 1996 delectemur
747 1953 755 1995 ε
774 1930 809 1994 in
826 1951 894 2018 quo
911 1945 1023 1994 autem
1040 1929 1164 2016 ubique
1182 1925 1336 2014 exquisi-

254 2032 318 2096 tior
341 2033 488 2119 quoedam
510 2035 672 2100 absolutio
689 2057 835 2123 curaque
856 2035 1015 2117 emineat,
1030 2033 1065 2098 id
1085 2034 1183 2096 etiarn
1208 2029 1334 2095 subol-

121 2153 123 2158 ·
254 2137 375 2204 lendat.
392 2140 515 2206 Verum
532 2141 640 2224 enim,
656 2162 728 2230 quae
747 2141 879 2206 tandem
894 2156 943 2205 est
957 2141 1017 2205 ista
1029 2153 1132 2229 grata,
1148 2139 1201 2203 vel
1213 2138 1337 2228 potius

254 2267 323 2308 non
342 2245 386 2310 ita
404 2249 549 2337 ingrata,
577 2249 848 2315 anacoluthoruru
872 2248 1082 2338 negligentia,
1102 2246 1197 2326 cujus
1219 2265 1333 2335 quum

255 2351 432 2437 probabilis
456 2353 603 2442 quadam
620 2377 716 2420 causa
735 2352 828 2419 reddi
851 2355 969 2444 possit,
996 2351 1114 2418 desinit
1129 2373 1199 2422 ease
1223 2349 1335 2440 negli-

256 2458 393 2546 gentia?
410 2461 522 2543 Quid?
537 2463 563 2526 si
581 2463 666 2528 illius
691 2462 789 2552 legis,
813 2462 849 2526 in
872 2483 939 2549 qua
957 2461 1102 2550 neglecta
1124 2459 1242 2524 dicunt
1261 2477 1336 2523 esse

256 2564 498 2654 negligentiam,
524 2567 690 2634 servanda
718 2567 799 2633 lines
821 2566 954 2656 quidam
978 2579 1057 2632 sunt
1082 2561 1335 2638 constituendi,

258 2670 484 2761 tonendnsque
500 2675 534 2738 in
551 2676 712 2740 severiore
730 2675 974 2740 constructione
987 2671 1134 2738 modus?
1151 2687 1224 2736 turn
1241 2685 1334 2735 certe

257 2794 385 2868 gratum
406 2780 488 2846 iilud
503 2782 566 2846 erit
581 2803 649 2846 non
669 2783 703 2846 in
723 2781 934 2871 negligentia,
956 2779 1064 2844 sedin
1081 2777 1234 2844 dictionis
1252 2797 1334 2841 cum

256 2886 509 2974 cogitationibus
525 2889 763 2953 convenientia.
780 2890 849 2953 Jam
864 2909 943 2952 vero
960 2887 986 2950 si
1003 2907 1193 2950 concessum
1210 2883 1333 2961 luerit,

259 2994 539 3058 constructionem
552 2992 593 3058 ad
609 2995 709 3058 animi
725 3017 856 3060 sensum
871 2992 954 3057 etad
966 2991 1185 3081 cognitionem
1198 3009 1335 3056 accom-

259 3096 390 3162 modata
414 3101 534 3164 mutari
558 3121 670 3188 posse,
695 3117 770 3165 eta
796 3099 909 3189 probis
935 3098 1148 3186 scriptoribus
1171 3111 1332 3162 mutatam

258 3223 347 3283 esse,
365 3220 404 3266 ut
419 3202 460 3267 de
473 3207 628 3268 orationis
641 3205 869 3294 perspicuitate
887 3205 968 3268 nihil
980 3203 1215 3286 detraheretur,
1231 3199 1334 3267 animi

258 3329 338 3372 vero
353 3307 526 3373 oblectatio
540 3311 574 3373 in
588 3311 713 3399 poetica
726 3312 892 3392 oratione,
905 3312 940 3374 in
953 3333 1050 3399 prosa
1060 3309 1203 3398 cognitio
1217 3307 1333 3374 dictio·

260 3413 311 3477 nis
329 3412 490 3478 alacritate
508 3413 716 3495 adjuvaretur
732 3431 765 3480 et
784 3431 980 3504 augeretur:
1006 3436 1074 3478 non
1094 3413 1217 3478 diutius
1235 3410 1333 3477 nobis

262 3520 482 3586 anacoluthon
496 3518 612 3585 eodem
623 3521 710 3602 jure,
726 3542 793 3610 quo
806 3523 1033 3609 pleonasmunr
1047 3537 1080 3584 et
1093 3519 1236 3608 ellipsin,
1255 3537 1333 3584 cunt

265 3623 401 3690 Godoiit
417 3625 606 3690 Hermanno
622 3625 656 3690 in
672 3625 893 3714 disputatione
914 3623 957 3689 de
984 3625 1166 3690 differentia
1183 3645 1288 3713 prosae
1301 3637 1334 3684 et

267 3730 402 3818 poeticae
427 3732 603 3810 orationis,
629 3754 661 3821 p.
678 3755 736 3821 27,
740 3733 890 3819 figuram
916 3731 1152 3820 appellantibus
1173 3749 1335 3820 repugna·

264 3837 359 3902 bunt.
376 3837 542 3904 laudatur
555 3839 589 3903 in
608 3837 749 3904 Pindaro
768 3855 866 3928 atque
883 3839 1018 3904 Horatio
1039 3839 1092 3902 illa
1110 3837 1333 3903 membrorum

266 3945 580 4012 conformandorum
605 3947 756 4028 varietas,
775 3967 839 4034 qua
862 3967 976 4010 omnes
994 3944 1207 4025 delectantur,
1235 3963 1333 4032 quam

265 4051 300 4113 in
331 4051 444 4116 crebra
466 4053 670 4120 locutionum
689 4052 904 4141 aequabilitate
932 4075 970 4118 ac
1000 4049 1229 4133 similitudine,
1248 4051 1333 4132 ejus·

265 4157 340 4224 dem
355 4157 485 4225 dicendi
502 4160 635 4228 rationis
653 4162 853 4250 frequentia,
871 4157 1066 4226 desiderant.
1089 4159 1195 4247 Atque
1216 4157 1252 4221 in
1273 4159 1336 4221 isto
