2770 4888
371 455 435 524 DE
458 451 794 525 ANAGOLUTHIs.
992 390 1115 542 ‚xxxin

71 578 180 646 duudat
194 577 364 644 suavitatis.
381 581 489 667 Atque
505 599 756 664 nonnumquam
776 575 846 664 ipsa
867 575 920 640 illa
945 576 1114 660 interjecta

69 687 177 752 locutio
192 685 348 774 postulat,
363 701 419 764 ut,
441 706 513 772 quae
531 683 618 748 dicta
634 699 728 764 sunt,
742 681 896 765 redeant,
912 698 1000 748 certe
1016 685 1116 772 parti·

69 794 132 856 cula
149 793 249 880 aliqua
270 792 458 880 praeposita,
477 814 549 878 quae
566 789 609 856 ad
627 789 774 878 proxime
788 788 999 877 praecedentia
1014 790 1117 878 respi-

66 898 130 962 ciat.
146 900 183 962 ln
205 920 272 985 qno
289 896 423 984 quidem
442 898 561 978 altera,
584 919 656 984 quae
673 917 691 958 e
710 895 886 960 verborum
906 881 1119 960 collocatione

66 1002 192 1084 ducitur,
207 1003 392 1070 anacoluthi
408 1026 504 1068 causa
521 1003 623 1092 posita
639 1018 706 1082 est,
723 1001 784 1082 illi,
802 1000 855 1066 de·
868 1024 932 1088 qua
957 1001 1116 1084 diximus,

66 1132 153 1197 prope
169 1110 338 1174 contraria.
356 1110 507 1196 Namque
525 1107 681 1174 orationis
697 1106 916 1172 conformatio
932 1123 984 1188 ut,
1008 1123 1118 1172 mente

65 1215 170 1302 quippe
182 1211 535 1295 auctore,u·emotiores
547 1213 720 1279 verborum
733 1212 969 1277 nectendorum
982 1229 1013 1276 et
1025 1213 1120 1278 collo

64 1319 226 1384 eandorum
243 1341 354 1384 causas
369 1317 505 1408 refugit,
527 1335 625 1406 atque
641 1341 680 1384 ex
692 1319 962 1406 interpositorum
979 1320 1071 1407 copia
1085 1335 1117 1384 et

64 1424 229 1491 diversitate
254 1425 345 1490 ducit
373 1425 574 1514 repetitionis
598 1426 855 1508 excusationem,
881 1424 1115 1513 sicquamdam

63 1533 221 1597 verborum
250 1533 526 1598 consociationem
550 1553 718 1620 nexusque
741 1531 871 1600 vincula
898 1532 933 1596 in
959 1532 1116 1620 proximis

63 1640 163 1725 quaerit
179 1638 331 1720 vocibus,
347 1637 481 1726 adquae
498 1661 533 1704 se
545 1638 683 1728 applicet
698 1653 731 1702 et
747 1654 933 1726 componat.
949 1640 1055 1722 Quam
1069 1639 1113 1702 ob

62 1765 175 1808 eausam
191 1767 282 1810 nunc
301 1745 493 1834 superioris,
513 1767 607 1832 equa
620 1743 763 1830 pendere
774 1743 953 1827 debebant,
966 1745 1116 1810 enuntia-

62 1849 145 1914 tionis
160 1851 298 1939 imperio
314 1850 442 1933 relicto,
463 1852 562 1916 verba
578 1874 647 1916 sese
662 1850 704 1916 ad
720 1851 899 1915 vicinarum
913 1873 1030 1915 vocum
1048 1852 1116 1914 for-

61 1977 134 2020 mam
151 1955 418 2038 accommodant,
436 1980 525 2023 nunc
543 1957 719 2023 locutionis
731 1957 891 2022 inchoatae
908 1955 980 2021 finis
996 1959 1116 2020 frustra

60 2063 212 2147 queritur,
221 2085 373 2151 novaque
384 2063 593 2129 substituitur
605 2063 748 2146 locutio,
763 2086 827 2151 qua
837 2063 907 2146 illa,
926 2086 961 2126 re
972 2079 1005 2127 et
1017 2084 1116 2126 sensu
1204 2107 1207 2116 ·

60 2169 163 2257 magis,
181 2193 280 2258 quam
294 2167 400 2237 verbis
413 2185 446 2236 et
462 2170 706 2236 constructione
719 2168 914 2258 perficiatur.
929 2171 1036 2258 Atque
1052 2169 1116 2232 hoc

59 2276 267 2359 proximarum
281 2298 400 2340 vocum
418 2273 695 2342 conciliandorum
713 2274 858 2342 studium
873 2291 1001 2342 tantum
1013 2275 1114 2358 valet,

60 2395 90 2441 nt
105 2403 186 2470 saepe
204 2382 361 2470 proximae
377 2381 631 2464 enuntiationis,
648 2383 699 2446 vel
711 2382 924 2464 brevissimae,
938 2403 1012 2465 pars
1025 2381 1116 2471 prior

59 2487 238 2576 negligatur,
254 2505 466 2576 serveturque
484 2505 655 2577 postremae
673 2487 762 2554 vocis
779 2488 966 2553 auctoritas.
985 2487 1115 2576 Duplex

60 2607 98 2654 est
118 2593 216 2684 igitur
240 2617 258 2658 c
280 2594 494 2674 remotiorum
523 2594 706 2677 oblivione,
729 2596 938 2683 propriorum
965 2591 1116 2660 reeorda-

59 2696 151 2780 tione‚
170 2700 266 2766 istius
284 2701 489 2766 locutionum
507 2701 756 2790 permutationis
773 2701 915 2790 peteuda
937 2700 1117 2782 excusatio,

58 2803 98 2866 vel
110 2803 266 2870 defensio.
284 2805 349 2870 Sed
367 2821 439 2870 utra
456 2808 538 2870 ratio
556 2807 589 2870 in
609 2829 743 2894 quoque
758 2807 831 2870 loco
847 2806 1010 2887 obtineat,
1028 2821 1116 2868 etan

56 2907 127 2986 justa
140 2911 194 2976 illa
213 2911 257 2976 sit
273 2927 306 2976 ct
327 2928 419 3000 apta,
438 2911 472 2976 id
489 2928 559 2976 turn
583 2911 624 2978 ad
642 2912 802 2976 inchoatae
826 2911 1001 2976 locutionis
1020 2926 1116 2974 natu·

58 3035 133 3098 ram,
158 3035 232 3082 turn
256 3017 297 3080 a'd
316 3017 561 3096 interjectorum
583 3017 762 3082 verborum
788 3018 935 3105 copiam,
963 3036 1116 3102 eamque,

58 3143 141 3206 quam
157 3127 192 3188 in
211 3125 366 3212 primaria
383 3124 608 3190 enuntiatione
625 3121 854 3188 constituenda
871 3121 1011 3203 babent,
1030 3121 1115 3201 vim,

56 3227 251 3303 judicabitur.
269 3229 320 3294 Ad
334 3231 392 3294 has
414 3229 556 3294 rationes
578 3228 703 3294 accedit
725 3251 802 3292 cura
824 3226 971 3316 quasdam
991 3227 1117 3315 perspi·

57 3335 186 3412 enitatis,
207 3357 283 3424 quae
297 3335 329 3398 in
346 3335 610 3399 enuntiationum
630 3356 664 3398 se
682 3334 912 3422 excipientium
933 3331 1116 3396 diuersitate

57 3437 94 3502 sic
109 3463 195 3530 saepe‘
203 3439 348 3521 juranda
365 3457 430 3521 est,
454 3457 492 3504 ut
517 3440 749 3521 conjunctivae,
768 3441 819 3504 vel
833 3438 932 3520 alius,
950 3437 1116 3525 particulae

58 3565 127 3629 cpe,
150 3569 287 3624 sensum
302 3544 454 3633 expedire
470 3546 570 3610 satius
586 3546 646 3627 sit,
672 3569 771 3633 quam
790 3545 946 3610 institutae
966 3542 1120 3607 orationis

58 3649 180 3716 sormam
195 3669 232 3718 et
248 3654 351 3741 legem
367 3653 462 3717 tueri.
480 3651 574 3716 Adde
592 3652 753 3716 varietatis
776 3649 938 3730 studium,
967 3670 1033 3735 quo
1051 3671 1117 3714 non

57 3755 196 3822 salumin
215 3757 393 3821 verborum
410 3757 553 3836 delectu,
570 3756 627 3822 sed
645 3757 741 3824 etiam
757 3757 791 3821 in
811 3755 1015 3822 locutionum
1033 3777 1116 3839 usu,

58 3862 178 3928 omioni
195 3863 322 3952 aliquid
341 3865 462 3953 vigoris
481 3881 513 3926 et
535 3863 707 3929 alacritatis
725 3862 925 3926 conciliatur.
945 3860 1115 3949 Denique,

58 3963 84 4026 in
99 3967 214 4036 forensi
233 3969 440 4058 potissimum
457 3967 586 4034 dicendi
599 3991 734 4057 genere,
751 3965 792 4032 ad
809 3966 995 4054 gravitatem
1011 3987 1114 4056 gram·

60 4074 159 4138 natica
178 4075 341 4140 subtilitas
363 4097 611 4162 nonnumquam
635 4072 843 4164 postponitur
861 4072 978 4138 rationi
999 4071 1111 4140 rheto-

60 4175 129 4242 rice.
147 4183 184 4246 ln
203 4197 294 4247 tanta
315 4203 502 4262 causarum,
520 4205 592 4268 quae
613 4179 807 4246 anacolutha
825 4178 987 4260 efficiunt,
1005 4181 1108 4248 varie-
