<?xml version="1.0" encoding="UTF-8"?>
<!DOCTYPE html PUBLIC "-//W3C//DTD XHTML 1.0 Transitional//EN"
    "http://www.w3.org/TR/xhtml1/DTD/xhtml1-transitional.dtd">
<html xmlns="http://www.w3.org/1999/xhtml" xml:lang="en" lang="en">
 <head>
  <title>
</title>
<meta http-equiv="Content-Type" content="text/html;charset=utf-8" />
  <meta name='ocr-system' content='tesseract 3.04.00' />
  <meta name='ocr-capabilities' content='ocr_page ocr_carea ocr_par ocr_line ocrx_word'/>
</head>
<body>
  <div class='ocr_page' id='page_1' title='image "bibliothecaclas95lemagoog_0051.png"; bbox 0 0 2828 4896; ppageno 0'>
   <div class='ocr_carea' id='block_1_1' title="bbox 358 795 1237 1142">
    <p class='ocr_par' dir='ltr' id='par_1_1' title="bbox 358 795 1237 1142">
     <span class='ocr_line' id='line_1_1' title="bbox 479 795 1113 904; baseline -0.003 -4"><span class='ocrx_word' id='word_1_1' title='bbox 479 795 847 904; x_wconf 85' lang='lat' dir='ltr'><strong>CAROLUS</strong></span> <span class='ocrx_word' id='word_1_2' title='bbox 882 797 1113 900; x_wconf 86' lang='lat' dir='ltr'>BEIER</span> 
     </span>
     <span class='ocr_line' id='line_1_2' title="bbox 358 1049 1237 1142; baseline -0.006 -1"><span class='ocrx_word' id='word_1_3' title='bbox 358 1050 659 1142; x_wconf 89' lang='lat' dir='ltr'>LECTORI</span> <span class='ocrx_word' id='word_1_4' title='bbox 699 1049 1074 1140; x_wconf 89' lang='lat' dir='ltr'><strong>BENEVOLO</strong></span> <span class='ocrx_word' id='word_1_5' title='bbox 1116 1051 1157 1140; x_wconf 90' lang='lat' dir='ltr'>S.</span> <span class='ocrx_word' id='word_1_6' title='bbox 1191 1053 1237 1138; x_wconf 92' lang='lat' dir='ltr'>P.</span> 
     </span>
    </p>
   </div>
   <div class='ocr_carea' id='block_1_2' title="bbox 654 1295 940 1322">
    <p class='ocr_par' dir='ltr' id='par_1_2' title="bbox 654 1295 940 1322">
     <span class='ocr_line' id='line_1_3' title="bbox 654 1295 940 1322; baseline 0 -8"><span class='ocrx_word' id='word_1_7' title='bbox 654 1295 940 1322; x_wconf 51' lang='grc' dir='ltr'>..ψ</span> 
     </span>
    </p>
   </div>
   <div class='ocr_carea' id='block_1_3' title="bbox 208 1507 1339 4279">
    <p class='ocr_par' dir='ltr' id='par_1_3' title="bbox 208 1507 1339 4279">
     <span class='ocr_line' id='line_1_4' title="bbox 209 1507 1334 1623; baseline -0.006 -18"><span class='ocrx_word' id='word_1_8' title='bbox 209 1565 214 1578; x_wconf 85' lang='grc'><em>·</em></span> <span class='ocrx_word' id='word_1_9' title='bbox 266 1507 543 1606; x_wconf 63' lang='lat' dir='ltr'>Varronianus</span> <span class='ocrx_word' id='word_1_10' title='bbox 560 1534 618 1598; x_wconf 92' lang='lat' dir='ltr'>diu</span> <span class='ocrx_word' id='word_1_11' title='bbox 634 1557 708 1598; x_wconf 88' lang='lat' dir='ltr'>sum</span> <span class='ocrx_word' id='word_1_12' title='bbox 725 1535 908 1600; x_wconf 85' lang='lat' dir='ltr'>studiorum</span> <span class='ocrx_word' id='word_1_13' title='bbox 929 1557 1076 1599; x_wconf 90' lang='lat' dir='ltr'>meorum</span> <span class='ocrx_word' id='word_1_14' title='bbox 1093 1535 1334 1623; x_wconf 85' lang='lat' dir='ltr'>qualiumcum-</span> 
     </span>
     <span class='ocr_line' id='line_1_5' title="bbox 266 1639 1336 1733; baseline -0.006 -23"><span class='ocrx_word' id='word_1_15' title='bbox 266 1669 332 1733; x_wconf 85' lang='lat' dir='ltr'>que</span> <span class='ocrx_word' id='word_1_16' title='bbox 349 1642 586 1708; x_wconf 83' lang='lat' dir='ltr'><strong>documentum</strong></span> <span class='ocrx_word' id='word_1_17' title='bbox 605 1639 737 1728; x_wconf 82' lang='lat' dir='ltr'><strong>aliquod</strong></span> <span class='ocrx_word' id='word_1_18' title='bbox 754 1642 892 1706; x_wconf 81' lang='lat' dir='ltr'>examini</span> <span class='ocrx_word' id='word_1_19' title='bbox 911 1641 1115 1706; x_wconf 87' lang='lat' dir='ltr'>eruditorum</span> <span class='ocrx_word' id='word_1_20' title='bbox 1133 1659 1230 1731; x_wconf 90' lang='lat' dir='ltr'>atque</span> <span class='ocrx_word' id='word_1_21' title='bbox 1246 1641 1336 1722; x_wconf 87' lang='lat' dir='ltr'>judi·</span> 
     </span>
     <span class='ocr_line' id='line_1_6' title="bbox 267 1747 1336 1843; baseline -0.007 -25"><span class='ocrx_word' id='word_1_22' title='bbox 267 1753 318 1818; x_wconf 90' lang='lat' dir='ltr'>cio</span> <span class='ocrx_word' id='word_1_23' title='bbox 336 1749 506 1843; x_wconf 20' lang='lat' dir='ltr'>&#39;subjicere</span> <span class='ocrx_word' id='word_1_24' title='bbox 533 1771 541 1812; x_wconf 91' lang='lat'><strong>:</strong></span> <span class='ocrx_word' id='word_1_25' title='bbox 570 1770 673 1835; x_wconf 91' lang='lat' dir='ltr'>quum</span> <span class='ocrx_word' id='word_1_26' title='bbox 705 1748 914 1811; x_wconf 84' lang='lat' dir='ltr'>memorabile</span> <span class='ocrx_word' id='word_1_27' title='bbox 941 1747 1096 1836; x_wconf 77' lang='lat' dir='ltr'>quiddam</span> <span class='ocrx_word' id='word_1_28' title='bbox 1120 1771 1180 1813; x_wconf 88' lang='lat' dir='ltr'>nec</span> <span class='ocrx_word' id='word_1_29' title='bbox 1208 1749 1336 1813; x_wconf 89' lang='lat' dir='ltr'>institui</span> 
     </span>
     <span class='ocr_line' id='line_1_7' title="bbox 267 1851 1334 1947; baseline -0.006 -25"><span class='ocrx_word' id='word_1_30' title='bbox 267 1873 394 1947; x_wconf 86' lang='lat' dir='ltr'>posset,</span> <span class='ocrx_word' id='word_1_31' title='bbox 414 1855 476 1918; x_wconf 89' lang='lat' dir='ltr'>uisi</span> <span class='ocrx_word' id='word_1_32' title='bbox 496 1868 674 1943; x_wconf 83' lang='lat' dir='ltr'>praeparato</span> <span class='ocrx_word' id='word_1_33' title='bbox 699 1853 784 1934; x_wconf 90' lang='lat' dir='ltr'>otio,</span> <span class='ocrx_word' id='word_1_34' title='bbox 810 1873 871 1917; x_wconf 89' lang='lat' dir='ltr'>nec</span> <span class='ocrx_word' id='word_1_35' title='bbox 895 1851 1011 1943; x_wconf 83' lang='lat' dir='ltr'>exigno</span> <span class='ocrx_word' id='word_1_36' title='bbox 1034 1869 1180 1942; x_wconf 88' lang='lat' dir='ltr'>tempore</span> <span class='ocrx_word' id='word_1_37' title='bbox 1201 1854 1334 1919; x_wconf 82' lang='lat' dir='ltr'>absolvi.</span> 
     </span>
     <span class='ocr_line' id='line_1_8' title="bbox 266 1957 1337 2028; baseline -0.006 -1"><span class='ocrx_word' id='word_1_38' title='bbox 266 1961 384 2028; x_wconf 84' lang='lat' dir='ltr'>Adbuc</span> <span class='ocrx_word' id='word_1_39' title='bbox 400 1977 508 2024; x_wconf 89' lang='lat' dir='ltr'>autem</span> <span class='ocrx_word' id='word_1_40' title='bbox 526 1957 687 2023; x_wconf 87' lang='lat' dir='ltr'>difficilior</span> <span class='ocrx_word' id='word_1_41' title='bbox 703 1960 834 2022; x_wconf 83' lang='lat' dir='ltr'>fortuna</span> <span class='ocrx_word' id='word_1_42' title='bbox 853 1959 922 2022; x_wconf 91' lang='lat' dir='ltr'>otio</span> <span class='ocrx_word' id='word_1_43' title='bbox 943 1979 1017 2023; x_wconf 89' lang='lat' dir='ltr'>meo</span> <span class='ocrx_word' id='word_1_44' title='bbox 1038 1959 1077 2024; x_wconf 89' lang='lat' dir='ltr'>ad</span> <span class='ocrx_word' id='word_1_45' title='bbox 1095 1961 1233 2024; x_wconf 88' lang='lat' dir='ltr'>aliorum</span> <span class='ocrx_word' id='word_1_46' title='bbox 1249 1959 1337 2024; x_wconf 89' lang='lat' dir='ltr'>arbi·</span> 
     </span>
     <span class='ocr_line' id='line_1_9' title="bbox 267 2064 1336 2152; baseline -0.004 -20"><span class='ocrx_word' id='word_1_47' title='bbox 267 2069 367 2132; x_wconf 89' lang='lat' dir='ltr'>trium</span> <span class='ocrx_word' id='word_1_48' title='bbox 394 2066 492 2129; x_wconf 85' lang='lat' dir='ltr'>abusa</span> <span class='ocrx_word' id='word_1_49' title='bbox 513 2079 571 2128; x_wconf 90' lang='lat' dir='ltr'>est.</span> <span class='ocrx_word' id='word_1_50' title='bbox 595 2064 679 2126; x_wconf 86' lang='lat' dir='ltr'>Alias</span> <span class='ocrx_word' id='word_1_51' title='bbox 697 2064 783 2126; x_wconf 87' lang='lat' dir='ltr'>enim</span> <span class='ocrx_word' id='word_1_52' title='bbox 802 2064 855 2127; x_wconf 88' lang='lat' dir='ltr'>vix</span> <span class='ocrx_word' id='word_1_53' title='bbox 880 2085 1036 2152; x_wconf 91' lang='lat' dir='ltr'>umquam</span> <span class='ocrx_word' id='word_1_54' title='bbox 1063 2066 1148 2129; x_wconf 89' lang='lat' dir='ltr'>hanc</span> <span class='ocrx_word' id='word_1_55' title='bbox 1165 2087 1336 2129; x_wconf 73' lang='lat' dir='ltr'>commen-</span> 
     </span>
     <span class='ocr_line' id='line_1_10' title="bbox 267 2165 1336 2260; baseline -0.002 -22"><span class='ocrx_word' id='word_1_56' title='bbox 267 2175 356 2239; x_wconf 82' lang='lat' dir='ltr'>tandi</span> <span class='ocrx_word' id='word_1_57' title='bbox 372 2174 456 2236; x_wconf 84' lang='lat' dir='ltr'>riam</span> <span class='ocrx_word' id='word_1_58' title='bbox 469 2165 692 2258; x_wconf 83' lang='lat' dir='ltr'>rationemque</span> <span class='ocrx_word' id='word_1_59' title='bbox 709 2185 898 2254; x_wconf 81' lang='lat' dir='ltr'>tentassem3</span> <span class='ocrx_word' id='word_1_60' title='bbox 924 2171 980 2236; x_wconf 90' lang='lat' dir='ltr'>sed</span> <span class='ocrx_word' id='word_1_61' title='bbox 1002 2173 1036 2236; x_wconf 89' lang='lat' dir='ltr'>in</span> <span class='ocrx_word' id='word_1_62' title='bbox 1054 2171 1258 2260; x_wconf 79' lang='lat' dir='ltr'>philosophia</span> <span class='ocrx_word' id='word_1_63' title='bbox 1276 2195 1336 2260; x_wconf 92' lang='lat' dir='ltr'>po-</span> 
     </span>
     <span class='ocr_line' id='line_1_11' title="bbox 268 2277 1336 2368; baseline -0.004 -22"><span class='ocrx_word' id='word_1_64' title='bbox 268 2283 332 2346; x_wconf 91' lang='lat' dir='ltr'>tius</span> <span class='ocrx_word' id='word_1_65' title='bbox 347 2280 460 2364; x_wconf 87' lang='lat' dir='ltr'>majori</span> <span class='ocrx_word' id='word_1_66' title='bbox 477 2301 554 2342; x_wconf 89' lang='lat' dir='ltr'>curn</span> <span class='ocrx_word' id='word_1_67' title='bbox 570 2279 679 2341; x_wconf 84' lang='lat' dir='ltr'>fructu</span> <span class='ocrx_word' id='word_1_68' title='bbox 698 2277 905 2344; x_wconf 74' lang='lat' dir='ltr'>elaborarem.</span> <span class='ocrx_word' id='word_1_69' title='bbox 922 2279 1079 2344; x_wconf 90' lang='lat' dir='ltr'>Nondum</span> <span class='ocrx_word' id='word_1_70' title='bbox 1096 2297 1204 2344; x_wconf 86' lang='lat' dir='ltr'>tamen</span> <span class='ocrx_word' id='word_1_71' title='bbox 1220 2279 1336 2368; x_wconf 84' lang='lat' dir='ltr'>despe-</span> 
     </span>
     <span class='ocr_line' id='line_1_12' title="bbox 269 2382 1336 2474; baseline -0.003 -23"><span class='ocrx_word' id='word_1_72' title='bbox 269 2383 546 2465; x_wconf 76' lang='lat' dir='ltr'>ravimus,-fore,</span> <span class='ocrx_word' id='word_1_73' title='bbox 559 2400 598 2447; x_wconf 92' lang='lat' dir='ltr'>ut</span> <span class='ocrx_word' id='word_1_74' title='bbox 612 2382 682 2446; x_wconf 82' lang='lat' dir='ltr'>baeo</span> <span class='ocrx_word' id='word_1_75' title='bbox 702 2385 769 2472; x_wconf 89' lang='lat' dir='ltr'>ipsa</span> <span class='ocrx_word' id='word_1_76' title='bbox 789 2383 923 2474; x_wconf 81' lang='lat' dir='ltr'>¹fortuna</span> <span class='ocrx_word' id='word_1_77' title='bbox 943 2385 1086 2450; x_wconf 85' lang='lat' dir='ltr'>mortalis</span> <span class='ocrx_word' id='word_1_78' title='bbox 1105 2387 1145 2450; x_wconf 92' lang='lat' dir='ltr'>ab</span> <span class='ocrx_word' id='word_1_79' title='bbox 1161 2386 1336 2450; x_wconf 85' lang='lat' dir='ltr'>immortali</span> 
     </span>
     <span class='ocr_line' id='line_1_13' title="bbox 269 2489 1336 2581; baseline -0.003 -23"><span class='ocrx_word' id='word_1_80' title='bbox 269 2510 383 2558; x_wconf 88' lang='lat' dir='ltr'>natura</span> <span class='ocrx_word' id='word_1_81' title='bbox 411 2507 592 2579; x_wconf 87' lang='lat' dir='ltr'>superetur.</span> <span class='ocrx_word' id='word_1_82' title='bbox 619 2489 689 2553; x_wconf 89' lang='lat' dir='ltr'>Jam</span> <span class='ocrx_word' id='word_1_83' title='bbox 715 2511 794 2554; x_wconf 78' lang='lat' dir='ltr'>vero</span> <span class='ocrx_word' id='word_1_84' title='bbox 823 2491 904 2572; x_wconf 89' lang='lat' dir='ltr'>fato,</span> <span class='ocrx_word' id='word_1_85' title='bbox 930 2493 1040 2556; x_wconf 89' lang='lat' dir='ltr'>nescio</span> <span class='ocrx_word' id='word_1_86' title='bbox 1064 2515 1146 2581; x_wconf 96' lang='lat' dir='ltr'>quo,</span> <span class='ocrx_word' id='word_1_87' title='bbox 1168 2493 1201 2555; x_wconf 91' lang='lat' dir='ltr'>in</span> <span class='ocrx_word' id='word_1_88' title='bbox 1227 2492 1336 2555; x_wconf 90' lang='lat' dir='ltr'>lucem</span> 
     </span>
     <span class='ocr_line' id='line_1_14' title="bbox 269 2596 1336 2688; baseline -0.002 -25"><span class='ocrx_word' id='word_1_89' title='bbox 269 2596 463 2688; x_wconf 79' lang='lat' dir='ltr'>protrudere</span> <span class='ocrx_word' id='word_1_90' title='bbox 490 2613 620 2660; x_wconf 86' lang='lat' dir='ltr'>coactus</span> <span class='ocrx_word' id='word_1_91' title='bbox 648 2617 720 2659; x_wconf 90' lang='lat' dir='ltr'>snm</span> <span class='ocrx_word' id='word_1_92' title='bbox 749 2596 960 2661; x_wconf 91' lang='lat' dir='ltr'>immaturum</span> <span class='ocrx_word' id='word_1_93' title='bbox 985 2597 1090 2661; x_wconf 86' lang='lat' dir='ltr'>letum</span> <span class='ocrx_word' id='word_1_94' title='bbox 1115 2599 1336 2663; x_wconf 75' lang='lat' dir='ltr'>tumultuarias</span> 
     </span>
     <span class='ocr_line' id='line_1_15' title="bbox 268 2701 1334 2794; baseline -0.004 -24"><span class='ocrx_word' id='word_1_95' title='bbox 268 2706 396 2794; x_wconf 71' lang='lat' dir='ltr'>opellae,</span> <span class='ocrx_word' id='word_1_96' title='bbox 423 2705 513 2792; x_wconf 90' lang='lat' dir='ltr'>prius</span> <span class='ocrx_word' id='word_1_97' title='bbox 537 2701 666 2791; x_wconf 88' lang='lat' dir='ltr'>publice</span> <span class='ocrx_word' id='word_1_98' title='bbox 686 2703 900 2790; x_wconf 86' lang='lat' dir='ltr'>promissum,</span> <span class='ocrx_word' id='word_1_99' title='bbox 928 2725 1025 2790; x_wconf 90' lang='lat' dir='ltr'>quam</span> <span class='ocrx_word' id='word_1_100' title='bbox 1050 2703 1219 2768; x_wconf 87' lang='lat' dir='ltr'>inchoatus</span> <span class='ocrx_word' id='word_1_101' title='bbox 1238 2721 1334 2768; x_wconf 90' lang='lat' dir='ltr'>esset.</span> 
     </span>
     <span class='ocr_line' id='line_1_16' title="bbox 268 2807 1334 2896; baseline -0.002 -21"><span class='ocrx_word' id='word_1_102' title='bbox 268 2813 416 2876; x_wconf 85' lang='lat' dir='ltr'>Exeunte</span> <span class='ocrx_word' id='word_1_103' title='bbox 427 2810 514 2874; x_wconf 90' lang='lat' dir='ltr'>enim</span> <span class='ocrx_word' id='word_1_104' title='bbox 529 2824 637 2873; x_wconf 81' lang='lat' dir='ltr'>aestate</span> <span class='ocrx_word' id='word_1_105' title='bbox 650 2808 810 2896; x_wconf 83' lang='lat' dir='ltr'>superiori</span> <span class='ocrx_word' id='word_1_106' title='bbox 824 2807 1009 2895; x_wconf 78' lang='lat' dir='ltr'>bibliopolae</span> <span class='ocrx_word' id='word_1_107' title='bbox 1019 2809 1239 2873; x_wconf 74' lang='lat' dir='ltr'>honestissimi</span> <span class='ocrx_word' id='word_1_108' title='bbox 1254 2809 1334 2873; x_wconf 87' lang='lat' dir='ltr'>mihi</span> 
     </span>
     <span class='ocr_line' id='line_1_17' title="bbox 268 2913 1336 2982; baseline -0.002 0"><span class='ocrx_word' id='word_1_109' title='bbox 268 2917 460 2982; x_wconf 88' lang='lat' dir='ltr'>obtulerunt</span> <span class='ocrx_word' id='word_1_110' title='bbox 477 2914 700 2979; x_wconf 89' lang='lat' dir='ltr'>conditionem</span> <span class='ocrx_word' id='word_1_111' title='bbox 722 2913 871 2978; x_wconf 80' lang='lat' dir='ltr'>curandae</span> <span class='ocrx_word' id='word_1_112' title='bbox 893 2938 984 2979; x_wconf 82' lang='lat' dir='ltr'>uovae</span> <span class='ocrx_word' id='word_1_113' title='bbox 1002 2915 1153 2980; x_wconf 86' lang='lat' dir='ltr'>editionis</span> <span class='ocrx_word' id='word_1_114' title='bbox 1175 2915 1336 2980; x_wconf 91' lang='lat' dir='ltr'>librorum</span> 
     </span>
     <span class='ocr_line' id='line_1_18' title="bbox 270 3019 1336 3108; baseline -0.003 -21"><span class='ocrx_word' id='word_1_115' title='bbox 270 3023 311 3087; x_wconf 89' lang='lat' dir='ltr'>de</span> <span class='ocrx_word' id='word_1_116' title='bbox 327 3021 466 3103; x_wconf 84' lang='lat' dir='ltr'>Officiis,</span> <span class='ocrx_word' id='word_1_117' title='bbox 485 3020 541 3085; x_wconf 91' lang='lat' dir='ltr'>sed</span> <span class='ocrx_word' id='word_1_118' title='bbox 561 3021 622 3102; x_wconf 84' lang='lat' dir='ltr'>ita,</span> <span class='ocrx_word' id='word_1_119' title='bbox 644 3037 681 3082; x_wconf 92' lang='lat' dir='ltr'>ut</span> <span class='ocrx_word' id='word_1_120' title='bbox 695 3019 764 3084; x_wconf 91' lang='lat' dir='ltr'>sine</span> <span class='ocrx_word' id='word_1_121' title='bbox 777 3041 868 3084; x_wconf 93' lang='lat' dir='ltr'>mora</span> <span class='ocrx_word' id='word_1_122' title='bbox 886 3021 976 3107; x_wconf 85' lang='lat' dir='ltr'>prelo</span> <span class='ocrx_word' id='word_1_123' title='bbox 994 3021 1217 3100; x_wconf 47' lang='lat' dir='ltr'>trnr‘lerentur,</span> <span class='ocrx_word' id='word_1_124' title='bbox 1230 3043 1336 3108; x_wconf 92' lang='lat' dir='ltr'>quum</span> 
     </span>
     <span class='ocr_line' id='line_1_19' title="bbox 270 3123 1336 3216; baseline -0.003 -23"><span class='ocrx_word' id='word_1_125' title='bbox 270 3129 547 3216; x_wconf 83' lang='lat' dir='ltr'>Heusingerorum</span> <span class='ocrx_word' id='word_1_126' title='bbox 580 3123 679 3189; x_wconf 89' lang='lat' dir='ltr'>editio</span> <span class='ocrx_word' id='word_1_127' title='bbox 704 3142 843 3213; x_wconf 90' lang='lat' dir='ltr'>utraque</span> <span class='ocrx_word' id='word_1_128' title='bbox 869 3142 948 3190; x_wconf 89' lang='lat' dir='ltr'>tunc</span> <span class='ocrx_word' id='word_1_129' title='bbox 977 3127 1109 3213; x_wconf 87' lang='lat' dir='ltr'>quidem</span> <span class='ocrx_word' id='word_1_130' title='bbox 1140 3129 1172 3190; x_wconf 92' lang='lat' dir='ltr'>in</span> <span class='ocrx_word' id='word_1_131' title='bbox 1197 3127 1336 3191; x_wconf 89' lang='lat' dir='ltr'>librariis</span> 
     </span>
     <span class='ocr_line' id='line_1_20' title="bbox 270 3229 1336 3321; baseline -0.003 -23"><span class='ocrx_word' id='word_1_132' title='bbox 270 3235 388 3298; x_wconf 79' lang='lat' dir='ltr'>frustra</span> <span class='ocrx_word' id='word_1_133' title='bbox 407 3249 614 3320; x_wconf 83' lang='lat' dir='ltr'>quaereretur.</span> <span class='ocrx_word' id='word_1_134' title='bbox 625 3229 695 3321; x_wconf 84' lang='lat' dir='ltr'>Ego</span> <span class='ocrx_word' id='word_1_135' title='bbox 712 3255 789 3296; x_wconf 80' lang='lat' dir='ltr'>sero</span> <span class='ocrx_word' id='word_1_136' title='bbox 802 3255 904 3319; x_wconf 88' lang='lat' dir='ltr'>quum</span> <span class='ocrx_word' id='word_1_137' title='bbox 919 3254 1098 3320; x_wconf 88' lang='lat' dir='ltr'>numquam</span> <span class='ocrx_word' id='word_1_138' title='bbox 1111 3251 1205 3296; x_wconf 88' lang='lat' dir='ltr'>antea</span> <span class='ocrx_word' id='word_1_139' title='bbox 1221 3231 1263 3296; x_wconf 87' lang='lat' dir='ltr'>ad</span> <span class='ocrx_word' id='word_1_140' title='bbox 1274 3233 1336 3297; x_wconf 89' lang='lat' dir='ltr'>hos</span> 
     </span>
     <span class='ocr_line' id='line_1_21' title="bbox 208 3339 1337 3429; baseline -0.003 -22"><span class='ocrx_word' id='word_1_141' title='bbox 208 3365 212 3373; x_wconf 93' lang='lat'><em>·</em></span> <span class='ocrx_word' id='word_1_142' title='bbox 270 3343 369 3408; x_wconf 89' lang='lat' dir='ltr'>libros</span> <span class='ocrx_word' id='word_1_143' title='bbox 387 3339 554 3404; x_wconf 88' lang='lat' dir='ltr'>intentiori</span> <span class='ocrx_word' id='word_1_144' title='bbox 569 3361 647 3402; x_wconf 85' lang='lat' dir='ltr'>cura</span> <span class='ocrx_word' id='word_1_145' title='bbox 666 3339 851 3403; x_wconf 86' lang='lat' dir='ltr'>tractandos</span> <span class='ocrx_word' id='word_1_146' title='bbox 874 3340 1020 3403; x_wconf 87' lang='lat' dir='ltr'>animum</span> <span class='ocrx_word' id='word_1_147' title='bbox 1045 3341 1273 3429; x_wconf 88' lang='lat' dir='ltr'>applicassem,</span> <span class='ocrx_word' id='word_1_148' title='bbox 1290 3357 1337 3404; x_wconf 89' lang='lat' dir='ltr'>te·</span> 
     </span>
     <span class='ocr_line' id='line_1_22' title="bbox 269 3443 1336 3524; baseline -0.004 -11"><span class='ocrx_word' id='word_1_149' title='bbox 269 3447 424 3513; x_wconf 85' lang='lat' dir='ltr'>meritatis</span> <span class='ocrx_word' id='word_1_150' title='bbox 445 3446 566 3509; x_wconf 87' lang='lat' dir='ltr'>crimen</span> <span class='ocrx_word' id='word_1_151' title='bbox 585 3446 726 3524; x_wconf 79' lang='lat' dir='ltr'>veritus,</span> <span class='ocrx_word' id='word_1_152' title='bbox 749 3461 856 3510; x_wconf 86' lang='lat' dir='ltr'>tamen</span> <span class='ocrx_word' id='word_1_153' title='bbox 875 3443 986 3510; x_wconf 83' lang='lat' dir='ltr'>deesse</span> <span class='ocrx_word' id='word_1_154' title='bbox 1011 3447 1101 3511; x_wconf 89' lang='lat' dir='ltr'>uolui</span> <span class='ocrx_word' id='word_1_155' title='bbox 1122 3447 1266 3510; x_wconf 86' lang='lat' dir='ltr'>virorum</span> <span class='ocrx_word' id='word_1_156' title='bbox 1284 3447 1336 3509; x_wconf 88' lang='lat' dir='ltr'>in·</span> 
     </span>
     <span class='ocr_line' id='line_1_23' title="bbox 270 3535 1336 3640; baseline -0.002 -20"><span class='ocrx_word' id='word_1_157' title='bbox 270 3554 471 3620; x_wconf 88' lang='lat' dir='ltr'>dustriorum</span> <span class='ocrx_word' id='word_1_158' title='bbox 488 3550 528 3615; x_wconf 92' lang='lat' dir='ltr'>de</span> <span class='ocrx_word' id='word_1_159' title='bbox 544 3552 594 3614; x_wconf 93' lang='lat' dir='ltr'>his</span> <span class='ocrx_word' id='word_1_160' title='bbox 611 3550 724 3633; x_wconf 87' lang='lat' dir='ltr'>literis,</span> <span class='ocrx_word' id='word_1_161' title='bbox 741 3535 947 3639; x_wconf 85' lang='lat' dir='ltr'>quantumin</span> <span class='ocrx_word' id='word_1_162' title='bbox 961 3553 1038 3640; x_wconf 88' lang='lat' dir='ltr'>ipsis</span> <span class='ocrx_word' id='word_1_163' title='bbox 1052 3570 1151 3634; x_wconf 87' lang='lat' dir='ltr'>esset,</span> <span class='ocrx_word' id='word_1_164' title='bbox 1169 3553 1254 3617; x_wconf 86' lang='lat' dir='ltr'>bene</span> <span class='ocrx_word' id='word_1_165' title='bbox 1265 3575 1336 3618; x_wconf 87' lang='lat' dir='ltr'>me·</span> 
     </span>
     <span class='ocr_line' id='line_1_24' title="bbox 269 3656 1336 3746; baseline -0.002 -22"><span class='ocrx_word' id='word_1_166' title='bbox 269 3659 361 3726; x_wconf 88' lang='lat' dir='ltr'>rendi</span> <span class='ocrx_word' id='word_1_167' title='bbox 380 3657 487 3723; x_wconf 87' lang='lat' dir='ltr'>studio</span> <span class='ocrx_word' id='word_1_168' title='bbox 504 3681 543 3720; x_wconf 85' lang='lat' dir='ltr'>eo</span> <span class='ocrx_word' id='word_1_169' title='bbox 563 3658 663 3746; x_wconf 84' lang='lat' dir='ltr'>magis</span> <span class='ocrx_word' id='word_1_170' title='bbox 678 3656 845 3739; x_wconf 84' lang='lat' dir='ltr'>laudabili,</span> <span class='ocrx_word' id='word_1_171' title='bbox 864 3681 966 3744; x_wconf 89' lang='lat' dir='ltr'>quum</span> <span class='ocrx_word' id='word_1_172' title='bbox 983 3660 1182 3746; x_wconf 86' lang='lat' dir='ltr'>antiquitatis</span> <span class='ocrx_word' id='word_1_173' title='bbox 1198 3661 1336 3724; x_wconf 79' lang='lat' dir='ltr'>classicae</span> 
     </span>
     <span class='ocr_line' id='line_1_25' title="bbox 269 3764 1337 3854; baseline -0.003 -23"><span class='ocrx_word' id='word_1_174' title='bbox 269 3781 562 3832; x_wconf 87' lang='lat' dir='ltr'>monumentorum</span> <span class='ocrx_word' id='word_1_175' title='bbox 584 3764 742 3828; x_wconf 88' lang='lat' dir='ltr'>editiones</span> <span class='ocrx_word' id='word_1_176' title='bbox 767 3785 946 3851; x_wconf 85' lang='lat' dir='ltr'>numquam</span> <span class='ocrx_word' id='word_1_177' title='bbox 964 3766 1060 3829; x_wconf 86' lang='lat' dir='ltr'>nimis</span> <span class='ocrx_word' id='word_1_178' title='bbox 1077 3767 1187 3832; x_wconf 85' lang='lat' dir='ltr'>multae</span> <span class='ocrx_word' id='word_1_179' title='bbox 1205 3765 1337 3854; x_wconf 89' lang='lat' dir='ltr'>prodire</span> 
     </span>
     <span class='ocr_line' id='line_1_26' title="bbox 270 3867 1338 3962; baseline -0.003 -26"><span class='ocrx_word' id='word_1_180' title='bbox 270 3872 404 3962; x_wconf 89' lang='lat' dir='ltr'>possint.</span> <span class='ocrx_word' id='word_1_181' title='bbox 424 3869 572 3933; x_wconf 86' lang='lat' dir='ltr'>Perfecto</span> <span class='ocrx_word' id='word_1_182' title='bbox 596 3867 728 3957; x_wconf 86' lang='lat' dir='ltr'>quidem</span> <span class='ocrx_word' id='word_1_183' title='bbox 755 3868 887 3932; x_wconf 85' lang='lat' dir='ltr'>editoris</span> <span class='ocrx_word' id='word_1_184' title='bbox 910 3867 1019 3935; x_wconf 88' lang='lat' dir='ltr'>officio</span> <span class='ocrx_word' id='word_1_185' title='bbox 1038 3887 1075 3934; x_wconf 93' lang='lat' dir='ltr'>ut</span> <span class='ocrx_word' id='word_1_186' title='bbox 1093 3872 1256 3962; x_wconf 86' lang='lat' dir='ltr'>fungerer,</span> <span class='ocrx_word' id='word_1_187' title='bbox 1275 3871 1338 3936; x_wconf 91' lang='lat' dir='ltr'>nisi</span> 
     </span>
     <span class='ocr_line' id='line_1_27' title="bbox 271 3969 1338 4066; baseline -0.004 -24"><span class='ocrx_word' id='word_1_188' title='bbox 271 3977 460 4066; x_wconf 79' lang='lat' dir='ltr'>denegasset</span> <span class='ocrx_word' id='word_1_189' title='bbox 474 3974 632 4037; x_wconf 81' lang='lat' dir='ltr'>facultatis</span> <span class='ocrx_word' id='word_1_190' title='bbox 651 3969 822 4054; x_wconf 88' lang='lat' dir='ltr'>modulus,</span> <span class='ocrx_word' id='word_1_191' title='bbox 842 3990 927 4036; x_wconf 86' lang='lat' dir='ltr'>certe</span> <span class='ocrx_word' id='word_1_192' title='bbox 950 3991 1085 4063; x_wconf 90' lang='lat' dir='ltr'>propter</span> <span class='ocrx_word' id='word_1_193' title='bbox 1105 3976 1260 4064; x_wconf 87' lang='lat' dir='ltr'>temporis</span> <span class='ocrx_word' id='word_1_194' title='bbox 1279 3999 1338 4039; x_wconf 89' lang='lat' dir='ltr'>an·</span> 
     </span>
     <span class='ocr_line' id='line_1_28' title="bbox 275 4077 1338 4174; baseline -0.001 -27"><span class='ocrx_word' id='word_1_195' title='bbox 275 4079 411 4174; x_wconf 84' lang='lat' dir='ltr'>gnstias&#39;,</span> <span class='ocrx_word' id='word_1_196' title='bbox 431 4079 550 4167; x_wconf 89' lang='lat' dir='ltr'>quibus</span> <span class='ocrx_word' id='word_1_197' title='bbox 569 4080 664 4142; x_wconf 84' lang='lat' dir='ltr'>etiam</span> <span class='ocrx_word' id='word_1_198' title='bbox 685 4077 860 4166; x_wconf 88' lang='lat' dir='ltr'>impeditus</span> <span class='ocrx_word' id='word_1_199' title='bbox 881 4101 971 4171; x_wconf 85' lang='lat' dir='ltr'>sum,</span> <span class='ocrx_word' id='word_1_200' title='bbox 998 4105 1066 4168; x_wconf 94' lang='lat' dir='ltr'>quo</span> <span class='ocrx_word' id='word_1_201' title='bbox 1085 4083 1192 4146; x_wconf 91' lang='lat' dir='ltr'>minus</span> <span class='ocrx_word' id='word_1_202' title='bbox 1213 4105 1338 4147; x_wconf 84' lang='lat' dir='ltr'>norum</span> 
     </span>
     <span class='ocr_line' id='line_1_29' title="bbox 272 4184 1339 4279; baseline -0.003 -24"><span class='ocrx_word' id='word_1_203' title='bbox 272 4204 461 4279; x_wconf 83' lang='lat' dir='ltr'>apparatum</span> <span class='ocrx_word' id='word_1_204' title='bbox 475 4185 621 4249; x_wconf 89' lang='lat' dir='ltr'>criticum</span> <span class='ocrx_word' id='word_1_205' title='bbox 639 4184 840 4274; x_wconf 81' lang='lat' dir='ltr'>colligerem,</span> <span class='ocrx_word' id='word_1_206' title='bbox 857 4208 892 4250; x_wconf 88' lang='lat' dir='ltr'>ea</span> <span class='ocrx_word' id='word_1_207' title='bbox 905 4207 977 4272; x_wconf 89' lang='lat' dir='ltr'>spes</span> <span class='ocrx_word' id='word_1_208' title='bbox 992 4209 1033 4252; x_wconf 87' lang='lat' dir='ltr'>ne</span> <span class='ocrx_word' id='word_1_209' title='bbox 1046 4186 1191 4252; x_wconf 88' lang='lat' dir='ltr'>inchoari</span> <span class='ocrx_word' id='word_1_210' title='bbox 1204 4185 1339 4276; x_wconf 89' lang='lat' dir='ltr'>quidem</span> 
     </span>
    </p>
   </div>
   <div class='ocr_carea' id='block_1_4' title="bbox 0 0 1427 4896">
    <p class='ocr_par' dir='ltr' id='par_1_4' title="bbox 0 0 1427 4896">
     <span class='ocr_line' id='line_1_30' title="bbox 0 0 1427 4896; baseline 0 0"><span class='ocrx_word' id='word_1_211' title='bbox 0 0 1427 4896; x_wconf 95' lang='lat' dir='ltr'> </span> 
     </span>
    </p>
   </div>
  </div>
 </body>
</html>
