2828 4896
931 369 935 400 l

338 481 438 550 CAR.
459 481 608 549 BElERI
633 477 877 548 PRAEFATIO.
1056 500 1141 550 xxm

96 601 195 689 potuit.
216 603 265 665 Ab
281 601 344 666 hac
360 602 458 690 igitur
477 601 656 689 arrogantia
675 599 816 682 alienus,
835 599 979 664 medium
995 599 1140 666 officium

96 725 253 796 sequutus,
266 723 400 773 auctore
417 725 548 791 nostro,
564 730 606 788 ne
618 707 790 796 incognitis
800 707 898 771 rebus
908 724 1028 772 temere
1039 733 1144 774 assen-

96 817 208 897 tiamur,
220 832 252 880 et
265 831 395 903 tempus
411 832 444 879 et
459 815 657 904 diligentiam
672 813 904 891 adhibendam,
919 816 1142 903 praecipiente,

94 939 239 1008 quantum
259 921 414 1010 temporis
442 919 560 1003 defuit,
588 937 715 986 tantum
741 920 914 1009 diligentiae
941 919 1067 998 addidi,
1086 939 1141 1003 et,

94 1028 245 1114 typotheta
262 1043 345 1116 quot
361 1025 477 1092 diebus
496 1029 637 1118 singulas
656 1041 722 1092 non
746 1026 904 1117 plagulas,
930 1026 986 1092 sed
1011 1030 1155 1118 paginas.

93 1131 455 1222 efflagitante,tamquam
464 1134 499 1197 in
507 1133 638 1222 aliquod
647 1134 821 1222 pistrinum
831 1132 982 1197 detrusus
990 1147 1142 1222 tantaque

93 1240 166 1303 mole
184 1240 404 1305 molestiarum
424 1259 570 1328 pressus,
586 1261 767 1329 numquam
778 1257 886 1304 tamen
902 1240 1009 1303 remisi
1029 1263 1141 1305 curam

92 1345 344 1410 observationum
361 1344 437 1410 dote
456 1345 502 1410 sie
518 1346 602 1410 hane
619 1345 793 1410 editionem
807 1345 1003 1428 instruendi,
1021 1363 1059 1410 ut
1075 1347 1141 1436 ipsa

91 1447 253 1514 adventum
271 1467 368 1514 suum
389 1451 421 1514 in
445 1451 551 1514 lucem
572 1451 735 1539 publicam
755 1449 897 1538 quodam
918 1451 1017 1516 modo
1045 1475 1144 1516 excu-

90 1575 150 1620 sare
172 1577 269 1644 posse
286 1555 458 1620 videretur.
478 1556 570 1644 Opus
588 1575 764 1643 operosum
785 1555 810 1619 si
832 1577 872 1619 ex
893 1557 1051 1621 sententia
1067 1580 1141 1622 snc-

90 1665 225 1744 cesscrit,
242 1663 327 1726 bene
346 1663 406 1726 erit
431 1683 528 1750 opera
550 1662 669 1749 posita5
695 1662 743 1724 sin
772 1662 899 1742 minus,
918 1661 1144 1751 aggrediemur
1208 1702 1213 1720 ,

89 1768 148 1832 alia.
170 1768 335 1833 Iudicium
359 1767 400 1832 sit
417 1789 517 1856 penes
546 1766 684 1830 arbitros
710 1767 826 1830 hatum
859 1789 967 1831 rerum
994 1770 1142 1856 peritos:

89 1874 167 1960 quod
183 1875 291 1957 omni,
309 1894 372 1962 qua
387 1895 444 1962 par
459 1887 523 1954 est5
539 1873 716 1938 reverentia
732 1873 944 1961 accipiemus,
958 1873 1034 1956 sed,
1050 1876 1143 1940 nobis

88 1999 207 2066 aequum
227 1980 313 2061 lore,
333 1997 515 2067 speramus,
534 1979 561 2042 si
586 1995 719 2068 propter
740 1978 874 2041 consilia
894 1978 1041 2066 quaedam
1066 1981 1143 2044 cali·

88 2084 168 2150 diora
180 2086 403 2176 aliquarumte
411 2085 767 2168 annotatiuncularum,
780 2107 852 2172 quae
862 2109 928 2149 non
939 2107 1030 2175 aeque
1042 2089 1146 2152 omni·

88 2191 142 2256 bus
160 2193 346 2258 necessarie
369 2192 579 2270 videbuntur,
596 2192 788 2282 farraginem
807 2215 875 2256 non
899 2215 936 2257 ea
959 2194 1046 2282 ipsa,
1072 2217 1144 2283 quae

87 2301 162 2362 forte
182 2300 280 2364 bonae
302 2299 403 2389 frugn's
426 2300 630 2388 reperiantur
655 2300 741 2362 inter
764 2299 892 2380 viliora,
915 2298 1144 2366 fastidiosiores

87 2407 276 2492 spreverint,
292 2423 330 2470 ut
347 2405 416 2469 lere
432 2405 454 2468 ii
472 2403 595 2488 solent,
608 2435 621 2460 ιι
631 2406 688 2492 qui
705 2406 815 2470 omnia
829 2427 863 2469 se
873 2405 1028 2472 simulant
1045 2407 1141 2488 scire,

88 2529 139 2574 nec
156 2511 338 2600 quidquam
357 2513 466 2575 sciunt
477 2543 500 2576 ι.

126 2617 226 2702 Quod
240 2618 311 2682 siin
326 2617 480 2706 exemplis
496 2616 685 2708 colligendis
701 2618 817 2706 passim
832 2615 1034 2683 ambitiosior
1045 2621 1142 2685 luisse

87 2721 196 2806 ridear,
214 2723 279 2787 hoe
298 2722 542 2813 intelligendum
561 2737 660 2812 puto,
687 2722 833 2812 quaedam
858 2723 928 2804 ejus
949 2724 1040 2789 modi
1058 2747 1144 2808 esse,

86 2841 118 2890 ut
134 2829 194 2892 rite
211 2825 382 2908 dijudicari
401 2848 467 2891 non
485 2843 621 2916 queant,
639 2828 701 2890 nisi
720 2848 759 2891 ex
776 2828 908 2916 synopsi
925 2850 933 2892 :
950 2843 988 2892 ut
1005 2851 1055 2911 ea,
1069 2852 1143 2919 quaa

86 2931 121 2996 de
137 2933 229 2998 verbi
248 2933 442 2998 substantivi
457 2933 567 3022 positu
583 2945 681 3021 atque
699 2933 800 3022 ellipsi
824 2935 942 3021 passim
963 2935 1144 3000 observavi·-

86 3063 176 3105 mus:
199 3039 381 3129 dequibus
409 3040 486 3130 ipsis
515 3041 594 3104 alios
617 3061 727 3120 secrrs,
759 3040 868 3103 nescio
895 3055 1020 3122 tamen,
1044 3065 1141 3130 quam

86 3163 356 3229 vere,statuentes
364 3169 466 3235 quum
474 3146 1142 3234 viderem3verborumtransponendorum

86 3252 311 3340 temperantior
328 3252 391 3334 fui,
406 3270 468 3315 nec
489 3251 667 3340 quidquam
687 3251 826 3332 mutavi,
852 3251 913 3315 nisi
936 3253 1061 3318 favente
1086 3271 1143 3321 aut

86 3356 230 3422 codicum
246 3359 453 3440 auctoritate,
472 3373 528 3421 aut
545 3358 768 3445 exemplorum
778 3357 996 3438 consimilium
1005 3375 1140 3426 caterva.

85 3463 117 3525 ln
131 3463 362 3552 orthographia
375 3480 407 3527 et
420 3464 683 3551 interpunctione
696 3463 833 3530 maxime
849 3464 1062 3528 constantiam
1079 3487 1145 3530 ser·

84 3569 218 3634 vanmm
235 3567 400 3633 duximus.
419 3569 470 3634 sic
488 3567 654 3632 nonnullis
671 3566 821 3655 placuits
838 3587 875 3649 1,
894 3567 996 3632 forma
1011 3568 1146 3656 sescian-

84 3673 162 3756 dum,
174 3693 208 3740 et
219 3695 275 3761 19,
293 3697 315 3737 a
330 3671 418 3739 relus
427 3674 602 3763 gerundis:
618 3696 721 3761 quum
729 3673 826 3738 iidem
837 3674 916 3737 boni
929 3674 1067 3740 editores
1082 3699 1145 3742 scr·

84 3783 219 3863 veriats
242 3805 280 3845 12
304 3797 384 3844 extr.
404 3782 451 3863 ll,
469 3785 510 3860 4ο
528 3801 576 3869 pr.
593 3779 639 3844 ad
664 3799 729 3844 rem
745 3762 935 3869 gerendam,
956 3795 988 3845 et
1004 3783 1066 3866 ΙΙΙ,
1088 3789 1105 3866 S
1122 3786 1144 3850 6

84 3908 127 3973 pr.
132 3887 338 3975 jber'endum.
355 3887 425 3951 Nos
441 3887 565 3974 ubique
579 3887 780 3950 usitatiorem
797 3889 933 3950 formam
952 3889 1145 3956 retinuimus

84 4013 152 4056 cum
162 3991 374 4075 Gernhatd03
387 3993 605 4081 antiquiorem
620 3993 772 4056 tamenin
787 3993 935 4057 formulis
944 3990 1143 4063 solemnibus

85 4099 312 4184 preferendam
332 4117 511 4164 censemus.
536 4101 660 4163 Contra
677 4099 799 4186 ubique
816 4101 998 4187 recepimus
1015 4119 1144 4167 contra·

88 4219 166 4268 ctam
189 4205 321 4294 genitivi
334 4205 428 4268 in-—a'
440 4207 576 4268 formam
590 4225 598 4269 :
614 4227 685 4291 quae
705 4217 826 4268 serrata
843 4221 891 4269 est
903 4205 953 4288 ll,
971 4213 988 4286 5
1006 4205 1046 4296 57
1064 4227 1143 4276 extr.
