2828 4896
253 469 339 516 xxiv
649 447 749 514 CAR.
770 445 920 516 BEIERI

253 571 285 633 in
303 567 352 633 ed.
367 565 469 632 Graev.
487 567 573 654 Appi
588 583 620 630 et
635 567 667 630 in
685 565 883 656 Guelpberb.
903 590 936 651 1,
951 565 989 650 5,
1008 565 1059 632 ed.
1076 568 1201 634 Veneta
1216 572 1317 656 1498,

252 675 354 763 Lipss.
369 689 467 760 atque
487 672 664 737 Anemoecii
683 671 762 738 ibid.
780 674 929 762 Pompei,
948 673 1015 756 III,
1039 669 1079 737 58
1097 690 1177 740 extr.
1194 675 1228 738 iu
1247 675 1318 740 ead.

202 829 208 840 ,
252 782 335 844 Ven.
352 779 431 844 etin
448 777 588 868 Guelph.
605 801 637 860 1,
653 777 816 862 Pytlu',et
835 777 877 842 62
897 801 946 866 pr.
969 778 1001 841 iu
1023 776 1097 842 eod.
1115 795 1147 842 et
1163 781 1197 842 in
1218 780 1319 846 Nouii

251 909 276 950 s.
294 909 325 950 r.
357 885 507 950 Indicam
533 883 606 949 cod.
630 884 828 973 Guelpherb.
852 884 954 950 Publi.
969 883 1042 950 Vid.
1068 881 1137 950 iiio.
1158 886 1262 952 Bentl.
1276 887 1318 951 ad

250 994 380 1057 Terent.
401 988 501 1055 Andr.
518 991 570 1072 11,
598 1014 632 1072 1,
657 1013 717 1072 203
739 987 909 1056 Heindorf.
928 987 969 1054 ad
992 989 1033 1082 N.
1049 989 1088 1054 D.
1102 991 1149 1073 Il,
1172 989 1207 1073 3,
1224 1013 1246 1077 9
1266 1015 1317 1080 pr.

251 1100 291 1180 8,
309 1119 352 1162 ua
369 1115 449 1162 extr.
470 1112 503 1161 st
531 1119 603 1185 quae
629 1095 669 1161 de
693 1097 881 1173 accusativis
906 1095 1038 1184 pluralis
1060 1098 1190 1160 numeri
1212 1099 1319 1162 in-a's

249 1205 457 1286 monuimus,
476 1227 506 1291 p.
521 1203 583 1267 205
597 1225 644 1290 sq.
659 1203 866 1292 Singulorum
881 1217 990 1266 autem
1002 1201 1181 1266 lectionum
1198 1219 1230 1268 et
1245 1204 1319 1268 stri-

248 1310 406 1400 bliginum
423 1310 545 1374 steriles
556 1331 671 1373 avenas
685 1307 862 1373 ventilandi
877 1307 980 1391 labor,
997 1309 1174 1398 praesertim
1187 1310 1220 1374 in
1228 1310 1319 1376 Cice·

247 1441 345 1498 rone,
372 1417 464 1496 cujus
482 1416 679 1481 Minervium
696 1431 728 1480 et
744 1414 857 1479 scribae
874 1431 906 1478 et
929 1415 1104 1504 superioris
1125 1417 1225 1480 astaus
1246 1416 1318 1480 edi·

247 1540 333 1587 tores
348 1523 381 1586 iu
400 1522 510 1611 Augias
523 1520 686 1586 stabulum
701 1535 827 1584 mutare
838 1507 1020 1602 ceriarum,
1032 1543 1082 1586 res
1092 1520 1317 1586 videturtaedii

245 1647 278 1694 et
301 1649 427 1692 nauseae
451 1626 652 1716 plenissima,
677 1627 802 1716 ingrata
828 1643 915 1692 certe
941 1627 1104 1714 plerisque
1128 1627 1316 1694 lectoribus.

246 1735 329 1798 Nam
347 1734 404 1821 qui
423 1733 476 1797 tali
501 1750 656 1821 apparatu
680 1749 831 1814 utuntur,
849 1749 886 1797 ut
902 1731 1165 1798 emendationem
1187 1749 1318 1798 tentent

246 1841 322 1928 ipsi,
337 1839 387 1904 his
404 1841 470 1904 fere
483 1841 613 1928 optimae
628 1862 765 1928 quaeque
783 1838 941 1904 editiones
959 1855 1077 1928 praesto
1095 1839 1316 1928 munitaque

245 1947 392 2010 lectionis
410 1947 596 2010 varietatem
609 1968 648 2010 ex
659 1943 709 2008 his
722 1967 789 2010 non
806 1945 934 2033 repetii,
958 1945 1020 2010 uisi
1043 1945 1101 2009 ubi
1123 1962 1180 2009 aut
1206 1947 1320 2034 proxi-

244 2054 289 2116 mi
306 2051 445 2116 editores
457 2052 491 2114 iu
510 2075 546 2116 ea
560 2050 730 2116 indicanda
747 2049 844 2122 fidem
858 2051 1062 2133 fefellissent,
1074 2067 1131 2115 aut
1147 2049 1316 2139 disputare

245 2159 286 2224 de
303 2159 441 2223 lectione
462 2159 602 2247 placeret
618 2172 753 2247 propter
768 2159 839 2223 VV.
854 2160 926 2223 DD.
943 2158 1000 2246 qui
1017 2159 1163 2247 proxime
1182 2175 1257 2222 ante
1278 2159 1313 2223 in

244 2266 295 2328 his
309 2261 398 2328 libris
414 2262 632 2352 perpoliendis
649 2264 866 2345 elaboratam,
880 2263 1125 2329 dissensionem.
1140 2263 1313 2328 Interdum

244 2371 342 2435 tacito
356 2368 396 2432 ad
411 2369 631 2459 Heusingeros
643 2367 740 2452 redii,
757 2369 859 2434 sicubi
875 2371 996 2434 horum
1009 2391 1209 2465 successores
1223 2394 1314 2458 aper-

244 2494 313 2540 tum
332 2497 475 2540 errorent
492 2476 592 2564 magis
608 2476 733 2539 incuria
751 2475 909 2564 quadam,
936 2499 1035 2565 quam
1053 2474 1220 2556 consulto,
1236 2497 1315 2564 pro·

242 2598 421 2671 pagusscnt.
452 2581 501 2644 De
525 2581 644 2668 quibus
665 2597 775 2645 autem
802 2582 842 2646 ab
867 2582 936 2664 his,
962 2585 1019 2671 qui
1042 2584 1180 2646 maxima
1205 2583 1313 2648 valere

242 2704 417 2753 censentur
435 2688 645 2769 auctoritate,
670 2688 845 2752 triumviris
863 2689 1085 2778 Heusingero,
1102 2689 1314 2774 Gernhardo,

243 2795 396 2858 Schiitzio
409 2793 577 2874 recedere,
590 2817 689 2880 quam
706 2795 739 2858 in
756 2796 1031 2860 consentientium
1043 2794 1165 2875 judicio
1179 2797 1313 2882 acquie-

141 2970 144 2979 ‚
242 2921 346 2980 scere,
363 2898 463 2962 malui
481 2921 489 2963 ε
509 2919 636 2985 semper
661 2899 835 2979 rationem,
861 2921 920 2963 cur
945 2899 978 2964 id
1002 2902 1157 2980 facerem,
1184 2899 1314 2964 reddidi

242 3006 481 3093 maximamque
492 3002 626 3067 adhibui
645 3005 833 3095 religionem
848 3006 881 3068 in
891 3008 985 3094 plena
995 3006 1142 3070 lectionis
1158 3006 1312 3072 varietate

241 3109 412 3176 indicanda
433 3133 440 3172 :
459 3110 490 3172 in
513 3108 719 3196 quemdem,
737 3112 857 3199 quibus
875 3113 1058 3200 superiores
1072 3111 1123 3174 usi
1138 3128 1232 3192 sunt,
1256 3135 1313 3176 re-

240 3218 398 3282 tinuimus
415 3216 566 3280 codicum
583 3216 782 3306 MSSsigna,
807 3219 1059 3303 Polot(iuorum)
1080 3241 1092 3280 r
1113 3233 1145 3281 et
1164 3241 1182 3282 a
1202 3217 1312 3306 (apud

239 3321 451 3410 Gruterum),
478 3322 720 3405 Ox(oniausium
739 3347 790 3413 ap.
808 3327 969 3391 Thomam
987 3323 1193 3412 Cockman),
1214 3322 1311 3398 Gne,-

239 3430 433 3510 v(ionorum)
458 3449 471 3490 1
492 3443 568 3504 eta,
588 3428 786 3515 Cur(ienst's),
814 3429 1002 3515 Gemmas),
1025 3431 1257 3514 Vin(oriemis)
1274 3447 1312 3495 et

242 3535 293 3600 Gu
305 3534 630 3624 (elpslerbytanorum)
644 3534 661 3600 5
673 3558 724 3624 ap.
737 3539 975 3628 Heusingeros,
987 3547 1018 3619 t,
1032 3569 1069 3622 μ,
1085 3547 1121 3626 ψ,
1137 3559 1188 3623 ap.
1206 3533 1311 3600 Gem-

239 3641 403 3726 l(ordum)
424 3663 463 3704 ex
483 3639 533 3704 ed.
556 3642 735 3708 Osoniensi
763 3666 815 3708 an.
838 3641 938 3731 1783,
960 3644 1053 3724 inni,
1079 3643 1224 3729 itemque
1247 3665 1311 3704 ex-

238 3749 442 3837 marmorum)
476 3747 623 3830 Patous)
656 3750 688 3812 in
722 3751 866 3840 margine
894 3749 1046 3814 editionis
1082 3746 1310 3835 Grypltfi'aooe)

243 3853 343 3934 1550,
360 3868 390 3916 et
412 3853 692 3941 Argentoratensis
714 3855 862 3920 Lambini
884 3855 1060 3944 adscripta,
1085 3853 1204 3942 quibus
1227 3877 1310 3920 usus
1391 3895 1392 3901 .

239 3977 287 4026 est
304 3963 368 4025 Jos.
387 3959 443 4024 Ge.
459 3959 620 4043 Groevius,
644 3977 715 4026 tum
729 3961 833 4026 Nouii
846 3960 1059 4046 (Marcelli),
1075 3959 1169 4026 Bcdae
1186 3959 1238 4042 (V
1233 3983 1308 4024 ene·
1390 4007 1391 4015 ἢ

230 4067 346 4133 'rabilis
360 4068 391 4130 in
412 4067 495 4154 Opp.
521 4065 571 4130 ed.
597 4068 711 4132 Colon.
729 4069 864 4157 Agripp.
885 4070 986 4150 1612,
1012 4084 1092 4132 tom.
1109 4066 1160 4144 Il,
1179 4063 1236 4128 ubi
1256 4067 1310 4130 in·
1389 4105 1390 4126 .

234 4175 427 4242 scribuntur
442 4172 611 4238 Sententiis
626 4197 670 4238 ex
682 4172 862 4261 Cicerone),
873 4176 1007 4242 loannis
1015 4169 1251 4238 sarisberiensis
1268 4173 1305 4238 in
1388 4231 1389 4239 ,
